%-------------------- Community-based Edge Computing ----------------------------------

@inproceedings{lavoie2019pvc,
author = {Lavoie, Erick and Hendren, Laurie},
title = {Personal Volunteer Computing},
year = {2019},
isbn = {9781450366854},
publisher = {Association for Computing Machinery},
address = {New York, NY, USA},
url = {https://doi.org/10.1145/3310273.3322819},
doi = {10.1145/3310273.3322819},
booktitle = {Proceedings of the 16th ACM International Conference on Computing Frontiers},
pages = {240–246},
numpages = {7},
location = {Alghero, Italy},
series = {CF ’19}
}

@inproceedings{lavoie2019pando,
author = {Lavoie, Erick and Hendren, Laurie and Desprez, Frederic and Correia, Miguel},
title = {Pando: Personal Volunteer Computing in Browsers},
year = {2019},
isbn = {9781450370097},
publisher = {Association for Computing Machinery},
address = {New York, NY, USA},
url = {https://doi.org/10.1145/3361525.3361539},
doi = {10.1145/3361525.3361539},
booktitle = {Proceedings of the 20th International Middleware Conference},
pages = {96–109},
numpages = {14},
keywords = {WebSocket, WebRTC, Personal Volunteer Computing, Web Technologies, JavaScript, Volunteer Computing},
location = {Davis, CA, USA},
series = {Middleware ’19}
}

@article{fox2009above,
  title={Above the clouds: A berkeley view of cloud computing},
  author={Fox, Armando and Griffith, Rean and Joseph, Anthony and Katz, Randy and Konwinski, Andrew and Lee, Gunho and Patterson, David and Rabkin, Ariel and Stoica, Ion and others},
  journal={Dept. Electrical Eng. and Comput. Sciences, University of California, Berkeley, Rep. UCB/EECS},
  volume={28},
  number={13},
  pages={2009},
  year={2009}
}


@article{buyya2009cloud,
  title={{Cloud computing and emerging IT platforms: Vision, hype, and reality for delivering computing as the 5th utility}},
  author={Buyya, Rajkumar and Yeo, Chee Shin and Venugopal, Srikumar and Broberg, James and Brandic, Ivona},
  journal={Future Generation Computer Systems},
  volume={25},
  number={6},
  pages={599--616},
  year={2009},
  publisher={Elsevier},
  doi = {10.1016/j.future.2008.12.001}
}

@article{foster2001anatomy,
  year={2001},
  title={{The Anatomy of the Grid: Enabling Scalable Virtual Organizations}},
  author={Foster, Ian and Kesselman, Carl and Tuecke, Steven},
  journal={The International Journal of High Performance Computing Applications},
  volume={15},
  number={3},
  pages={200--222},
  date={2001-08-01},
  publisher={Sage Publications Sage CA: Thousand Oaks, CA},
  doi={10.1177/109434200101500302}
}

@inproceedings{foster2008cloud,
  title={{Cloud Computing and Grid Computing 360-degree Compared}},
  author={Foster, Ian and Zhao, Yong and Raicu, Ioan and Lu, Shiyong},
  booktitle={Grid Computing Environments Workshop},
  series = {GCE'08},
  pages={1--10},
  year={2008},
  organization={IEEE},
  doi={10.1109/GCE.2008.4738445},
  isbn={978-1-5090-8353-4}
}

@article{anderson2010overview,
 author = {Anderson, David P.},
 title = {{Volunteer Computing: The Ultimate Cloud}},
 journal = {Crossroads},
 issue_date = {March 2010},
 volume = {16},
 number = {3},
 month = mar,
 year = {2010},
 issn = {1528-4972},
 pages = {7--10},
 numpages = {4},
 doi = {10.1145/1734160.1734164},
 acmid = {1734164},
 publisher = {ACM},
 address = {New York, NY, USA},
} 

@phdthesis{sarmenta2001volunteer,
  title={Volunteer computing},
  author={Sarmenta, Luis Francisco Gumaru},
  year={2001},
  school={Massachusetts Institute of Technology},
  url={http://hdl.handle.net/1721.1/16773},
  urldate={2018-03-23}
}
@article{gartner2014,
  title={{Gartner says annual smartphone sales surpassed sales of feature phones for the first time in 2013.}},
  author={Gartner},
  note={Retrieved 2019-01-08 from \url{https://www.gartner.com/en/newsroom/}},
  year={2014}
}

@article{gartner2015,
  title={{Gartner Says Smartphone Sales Surpassed One Billion Units in 2014.}},
  author={Gartner},
  note={Retrieved 2019-01-08 from \url{https://www.gartner.com/en/newsroom/}},
  year={2015}
}

@article{gartner2016,
  title={{Gartner Says Worldwide Smartphone Sales Grew 9.7 Percent in Fourth
Quarter of 2015.}},
  author={Gartner},
  note={Retrieved 2019-01-08 from \url{https://www.gartner.com/en/newsroom/}},
  year={2016}
}

@article{gartner2017,
  title={{Gartner Says Worldwide Sales of Smartphones Grew 7 Percent in the
Fourth Quarter of 2016.}},
  author={Gartner},
  note={Retrieved 2019-01-08 from \url{https://www.gartner.com/en/newsroom/}},
  year={2017}
}

@article{gartner2018,
  title={{Gartner Says Worldwide Sales of Smartphones Recorded First Ever Decline
During the Fourth Quarter of 2017.}},
  author={Gartner},
  note={Retrieved 2019-01-08 from \url{https://www.gartner.com/en/newsroom/}},
  year={2018}
}

@article{gartner2019,
  title={{Gartner Says Global Smartphone Sales Stalled in the Fourth Quarter of 2018.}},
  author={Gartner},
  note={Retrieved 2020-08-08 from \url{https://www.gartner.com/en/newsroom/}},
  year={2019}
}

@article{gartner2020,
  title={{Gartner Says Global Smartphone Sales Fell Slightly in the Fourth Quarter of 2019}},
  author={Gartner},
  note={Retrieved 2020-08-08 from \url{https://www.gartner.com/en/newsroom/}},
  year={2020}
}

@article{theis2017end,
  title={{The End of Moore's Law: A New Beginning for Information Technology}},
  author={Theis, Thomas N and Wong, H-S Philip},
  journal={Computing in Science \& Engineering},
  volume={19},
  number={2},
  pages={41--50},
  year={2017},
  publisher={IEEE Computer Society}
}

@inproceedings{herrera2018webassembly,
 author = {Herrera, David and Chen, Hanfeng and Lavoie, Erick and Hendren, Laurie},
 title = {{Numerical Computing on the Web: Benchmarking for the Future}},
 booktitle = {Proceedings of the 14th ACM SIGPLAN International Symposium on Dynamic Languages},
 series = {DLS 2018},
 year = {2018},
 isbn = {978-1-4503-6030-2},
 location = {Boston, MA, USA},
 pages = {88--100},
 numpages = {13},
 url = {http://doi.acm.org/10.1145/3276945.3276968},
 doi = {10.1145/3276945.3276968},
 acmid = {3276968},
 publisher = {ACM},
 address = {New York, NY, USA},
 keywords = {JavaScript, Ostrich benchmarks, WebAssembly, performance, scientific web benchmarking, web-based scientific computation},
}

@phdthesis{lavoie2019thesis,
  title={{Personal Volunteer Computing}},
  author={Lavoie, Erick},
  year={2019},
  school={McGill University},
  url={http://ericklavoie.com/phd/dissertation.pdf},
  urldate={2020-08-08}
}

@misc{redecentralize,
  title={{Redecentralize}},
  author={Bolychevsky, Irina and Gerben},
  year={2013},
  note={Retrieved 2020-08-08 from \url{https://redecentralize.org/}}
}

@misc{datproject,
  title={{Dat}},
  author={Odgen, Max},
  year={2013},
  note={Retrieved 2020-08-08 from \url{https://en.wikipedia.org/wiki/Dat_(software)}}
}

@misc{ogden2017dat,
 title={Dat - Distributed Dataset Synchronization And Versioning},
 url={osf.io/nsv2c},
 DOI={10.31219/osf.io/nsv2c},
 publisher={OSF Preprints},
 author={Ogden, Maxwell and McKelvey, Karissa  and  Buus Madsen, Mathias},
 year={2017},
 month={Jan}
}

@article{robinson2018dat,
  title={{The Dat Project, an open and decentralized research data tool}},
  author={Robinson, Danielle C and Hand, Joe A and Madsen, Mathias Buus and McKelvey, Karissa R},
  journal={Scientific data},
  volume={5},
  number={1},
  pages={1--4},
  year={2018},
  publisher={Nature Publishing Group}
}


@inproceedings{tarr2019ssb,
author = {Tarr, Dominic and Lavoie, Erick and Meyer, Aljoscha and Tschudin, Christian},
title = {{Secure Scuttlebutt: An Identity-Centric Protocol for Subjective and Decentralized Applications}},
year = {2019},
isbn = {9781450369701},
publisher = {ACM},
booktitle = {ICN 2019},
keywords = {Secure Scuttlebutt, Push vs. Pull, Information-Centric Networking},
doi={10.1145/3357150.3357396}
}

@misc{ssb-website,
  title={{Secure Scuttlebutt}},
  author={Tarr, Dominic and volunteers},
  year={2015},
  note={Retrieved 2020-08-08 from \url{https://scuttlebutt.nz/}}
}

@misc{ssb-applications,
  title={{Secure Scuttlebutt Applications}},
  author={T},
  year={2017},
  note={Retrieved 2020-08-08 from \url{https://handbook.scuttlebutt.nz/applications}}
}

@misc{manyverse,
  title={{Manyverse}},
  author={Medeiros, Andre and Martin, Gordon and Luandro and P. Levy, Robert and Lehner, Charles E. and Karlsson, Jacob and Gomez, David},
  year={2018},
  note={Retrieved 2020-08-08 from \url{https://manyver.se}}
}

@misc{planetary,
  title={{Planetary}},
  author={Henshaw-Plath, Evan and Hickman, Amanda and  Bubert, Henry and Bundy, Christian and Dutra, Martin and Heit, Sebastian},
  year={2018},
  note={Retrieved 2020-08-08 from \url{https://planetary.social/}}
}

@misc{dat-oc,
  title={{Dat Open Collective}},
  year={2018},
  note={Retrieved 2020-08-08 from \url{https://opencollective.com/dat}}
}

@misc{ssb-oc,
  title={{SSB Open Collective}},
  year={2018},
  note={Retrieved 2020-08-08 from \url{https://opencollective.com/secure-scuttlebutt-consortium}}
}

@misc{manyverse-oc,
  title={{Manyverse Open Collective}},
  year={2018},
  note={Retrieved 2020-08-08 from \url{https://opencollective.com/manyverse}}
}

@misc{dat-funding,
  title={{Dat Organization and Funding}},
  year={2019},
  note={Retrieved 2020-08-08 from \url{https://github.com/datproject/organization}}
}

@inproceedings{vanrenesse2008scuttlebutt,
author = {van Renesse, Robbert and Dumitriu, Dan and Gough, Valient and Thomas, Chris},
title = {Efficient Reconciliation and Flow Control for Anti-Entropy Protocols},
year = {2008},
isbn = {9781605582962},
publisher = {ACM},
booktitle = {LADIS 2008},
keywords = {flow control, epidemics, gossip, anti-entropy}
}

@inproceedings{decandia2007dynamo,
author = {DeCandia, Giuseppe and Hastorun, Deniz and Jampani, Madan and Kakulapati, Gunavardhan and Lakshman, Avinash and Pilchin, Alex and Sivasubramanian, Swaminathan and Vosshall, Peter and Vogels, Werner},
title = {Dynamo: Amazon’s Highly Available Key-Value Store},
year = {2007},
isbn = {9781595935915},
publisher = {ACM},
booktitle = {SOPS 2007},
keywords = {reliability, performance, scalability},
}

@article{tarr2015designing,
  title={Designing a secret handshake: authenticated key exchange as a capability system},
  author={Tarr, Dominic},
  journal={self published},
  pages={1--13},
  year={2015}
}

@misc{ssb-protocol-guide,
  title={{Scuttlebutt Protocol Guide: How Scuttlebutt peers find and talk to each other}},
  year={2019},
  note={Retrieved 2020-09-02 from \url{https://ssbc.github.io/scuttlebutt-protocol-guide/}}
}

@misc{ssb-daily-active-users,
  title={{Daily Active Users}},
  author={Lehner, Charles E.},
  year={2020},
  note={Retrieved 2020-09-06 from \url{https://ssb.celehner.com/activity/}}
}

@inproceedings{gao2018survey,
  title={{A survey of blockchain: techniques, applications, and challenges}},
  author={Gao, Weichao and Hatcher, William G and Yu, Wei},
  booktitle={ICCCN 2018},
  pages={1--11},
  year={2018},
  organization={IEEE}
}

@article{eugster-pub-sub-survey,
author = {Eugster, Patrick Th. and Felber, Pascal A. and Guerraoui, Rachid and Kermarrec, Anne-Marie},
title = {The Many Faces of Publish/Subscribe},
year = {2003},
issue_date = {June 2003},
publisher = {Association for Computing Machinery},
address = {New York, NY, USA},
volume = {35},
number = {2},
issn = {0360-0300},
url = {https://doi.org/10.1145/857076.857078},
doi = {10.1145/857076.857078},
journal = {ACM Comput. Surv.},
month = jun,
pages = {114–131},
numpages = {18},
keywords = {publish/subscribe, Distribution, interaction}
}

@book{shah2009gossip,
  title={Gossip algorithms},
  author={Shah, Devavrat},
  year={2009},
  publisher={Now Publishers Inc}
}

@article{jelasity2007gossip,
  title={Gossip-based peer sampling},
  author={Jelasity, M{\'a}rk and Voulgaris, Spyros and Guerraoui, Rachid and Kermarrec, Anne-Marie and Van Steen, Maarten},
  journal={ACM Transactions on Computer Systems (TOCS)},
  volume={25},
  number={3},
  pages={8--es},
  year={2007},
  publisher={ACM New York, NY, USA}
}

@inproceedings{giakkoupis2013gossip,
  title={Gossip protocols for renaming and sorting},
  author={Giakkoupis, George and Kermarrec, Anne-Marie and Woelfel, Philipp},
  booktitle={International Symposium on Distributed Computing},
  pages={194--208},
  year={2013},
  organization={Springer}
}

@inproceedings{guerraoui2009tracking,
  title={{On Tracking Freeriders in Gossip Protocols}},
  author={Guerraoui, Rachid and Huguenin, K{\'e}vin and Kermarrec, Anne-Marie and Monod, Maxime},
  booktitle={2009 IEEE Ninth International Conference on Peer-to-Peer Computing},
  pages={139--142},
  year={2009},
  organization={IEEE}
}


@article{kermarrec2007gossiping,
author = {Kermarrec, Anne-Marie and van Steen, Maarten},
title = {Gossiping in Distributed Systems},
year = {2007},
issue_date = {October 2007},
publisher = {Association for Computing Machinery},
address = {New York, NY, USA},
volume = {41},
number = {5},
issn = {0163-5980},
url = {https://doi.org/10.1145/1317379.1317381},
doi = {10.1145/1317379.1317381},
month = oct,
pages = {2–7},
numpages = {6}
}

@INPROCEEDINGS{kempe2003gossiping,
  author={D. {Kempe} and A. {Dobra} and J. {Gehrke}},
  booktitle={44th Annual IEEE Symposium on Foundations of Computer Science, 2003. Proceedings.}, 
  title={Gossip-based computation of aggregate information}, 
  year={2003},
  volume={},
  number={},
  pages={482-491},}
  
  
@article{birman1999bimodal-multicast,
author = {Birman, Kenneth P. and Hayden, Mark and Ozkasap, Oznur and Xiao, Zhen and Budiu, Mihai and Minsky, Yaron},
title = {Bimodal Multicast},
year = {1999},
issue_date = {May 1999},
publisher = {Association for Computing Machinery},
address = {New York, NY, USA},
volume = {17},
number = {2},
issn = {0734-2071},
url = {https://doi.org/10.1145/312203.312207},
doi = {10.1145/312203.312207},
journal = {ACM Trans. Comput. Syst.},
month = may,
pages = {41–88},
numpages = {48}
}

@techreport{kantor1986nntp,
  title={Network news transfer protocol},
  author={Kantor, Brian and Lapsley, Phil and Kantor, B and Lapsley, P},
  year={1986},
  institution={RFC 977, February}
}

@article{van1996horus,
  title={Horus: A flexible group communication system},
  author={Van Renesse, Robbert and Birman, Kenneth P and Maffeis, Silvano},
  journal={Communications of the ACM},
  volume={39},
  number={4},
  pages={76--83},
  year={1996},
  publisher={ACM New York, NY, USA}
}

@inproceedings{garriss2006re:reliable-email,
  title={RE: Reliable Email.},
  author={Garriss, Scott and Kaminsky, Michael and Freedman, Michael J and Karp, Brad and Mazi{\`e}res, David and Yu, Haifeng},
  booktitle={NSDI},
  volume={6},
  pages={22--22},
  year={2006}
}

@inproceedings{freedman2004efficient-private-matching,
  title={Efficient private matching and set intersection},
  author={Freedman, Michael J and Nissim, Kobbi and Pinkas, Benny},
  booktitle={International conference on the theory and applications of cryptographic techniques},
  pages={1--19},
  year={2004},
  organization={Springer}
}

@article{haifng2010sybillimit,
author = {Yu, Haifeng and Gibbons, Phillip B. and Kaminsky, Michael and Xiao, Feng},
title = {SybilLimit: A near-Optimal Social Network Defense against Sybil Attacks},
year = {2010},
issue_date = {June 2010},
issn = {1063-6692},
journal = {IEEE/ACM Trans. Netw.},
month = jun,
keywords = {sybilguard, sybil attack, social networks, sybillimit, sybil identities}
}

@inproceedings{kleppmann2019local-first-software,
author = {Kleppmann, Martin and Wiggins, Adam and van Hardenberg, Peter and McGranaghan, Mark},
title = {Local-First Software: You Own Your Data, in Spite of the Cloud},
year = {2019},
isbn = {9781450369954},
publisher = {ACM},
booktitle = {Onward! 2019},
keywords = {CRDTs, mobile computing, data ownership, collaboration software, peer-to-peer communication}
}

@misc{slack-app,
  title={{Slack}},
  author={Butterfield, Stewart and Costello, Eric and Henderson, Cal and  Mourachov, Serguei},
  year={2013},
  note={Retrieved 2020-09-09 from \url{https://slack.com/}}
}

@misc{ssb-friends,
  title={{ssb-friends}},
  author={Tarr, Dominic},
  year={2017},
  note={Retrieved 2020-09-09 from \url{https://github.com/ssbc/ssb-friends}}
}

@misc{kappa-architecture,
  title={{kappa-architecture.com/}},
  author={Pathirage, Milinda},
  year={2014},
  note={Retrieved 2020-09-09 from \url{https://milinda.pathirage.org/kappa-architecture.com/}}
}

@misc{git,
  title={{git}},
  author={Torvalds, Linus and Hamano, Junio and others},
  year={2005},
  note={Retrieved 2020-09-10 from \url{https://git-scm.com/}}
}

@misc{bittorrent,
  title={{BitTorrent.org}},
  author={{Cohen, Bram and Harrison, David}},
  year={2001},
  note={Retrieved 2020-09-10 from \url{http://www.bittorrent.org/}}
}

@misc{openbazaar,
  title={{https://openbazaar.org/}},
  author={{Taaki, Amir and Hoffman, Brian}},
  year={2016},
  note={Retrieved 2020-09-10 from \url{https://openbazaar.org/}}
}

@misc{ssb-offgrid,
  title={{An Off-Grid Social Network}},
  author={{Staltz, Andr\'e}},
  year={2017},
  note={Retrieved 2020-09-10 from \url{https://staltz.com/an-off-grid-social-network.html}}
}

@misc{ssb-private-box,
  title={{private-box}},
  author={{Tarr, Dominic}},
  year={2015},
  note={Retrieved 2020-09-10 from \url{https://github.com/auditdrivencrypto/private-box}}
}

@misc{rfc7748,
  title={{RFC 7748: Elliptic Curves for Security}},
  author={Langley, A. and Hamburg, M. and Turner, S.},
  year={2016},
  note={Retrieved 2020-09-10 from \url{https://tools.ietf.org/html/rfc7748}}
}

@misc{filippo2019ed25519,
  title={{Using Ed25519 Signing Keys for Encryption}},
  author={Valsorda, Filippo},
  year={2019},
  note={Retrieved 2020-09-10 from \url{https://blog.filippo.io/using-ed25519-keys-for-encryption/}}
}

@inproceedings{demers1987epidemic,
  title={Epidemic algorithms for replicated database maintenance},
  author={Demers, Alan and Greene, Dan and Hauser, Carl and Irish, Wes and Larson, John and Shenker, Scott and Sturgis, Howard and Swinehart, Dan and Terry, Doug},
  booktitle={Proceedings of the sixth annual ACM Symposium on Principles of distributed computing},
  pages={1--12},
  year={1987}
}

@book{dunbar2014thinking,
  title={Thinking big: How the evolution of social life shaped the human mind},
  author={Dunbar, Robin},
  year={2014},
  publisher={Thames \& Hudson}
}

@article{gonccalves2011modeling,
  title={Modeling users' activity on twitter networks: Validation of dunbar's number},
  author={Gon{\c{c}}alves, Bruno and Perra, Nicola and Vespignani, Alessandro},
  journal={PloS one},
  volume={6},
  number={8},
  pages={e22656},
  year={2011},
  publisher={Public Library of Science}
}

@inproceedings{douceur2002sybil,
  title={The sybil attack},
  author={Douceur, John R},
  booktitle={International workshop on peer-to-peer systems},
  pages={251--260},
  year={2002},
  organization={Springer}
}

@article{benet2014ipfs,
  author    = {Juan Benet},
  title     = {{IPFS} - Content Addressed, Versioned, {P2P} File System},
  journal   = {CoRR},
  volume    = {abs/1407.3561},
  year      = {2014},
  archivePrefix = {arXiv},
  eprint    = {1407.3561},
  timestamp = {Mon, 13 Aug 2018 16:47:09 +0200},
  biburl    = {https://dblp.org/rec/journals/corr/Benet14.bib},
  bibsource = {dblp computer science bibliography, https://dblp.org}
}

@inproceedings{koll2014soup,
author = {Koll, David and Li, Jun and Fu, Xiaoming},
title = {SOUP: An Online Social Network by the People, for the People},
year = {2014},
isbn = {9781450327855},
publisher = {ACM},
booktitle = {Middleware 2014},
keywords = {decentralized OSN, online social networks, privacy, OSN}
}

@article{guidi2018managing,
  title={Managing social contents in decentralized online social networks: a survey},
  author={Guidi, Barbara and Conti, Marco and Passarella, Andrea and Ricci, Laura},
  journal={Online Social Networks and Media},
  volume={7},
  pages={12--29},
  year={2018},
  publisher={Elsevier}
}

@inproceedings{conti2014epidemic,
  title={{Epidemic Diffusion of Social Updates in Dunbar-based DOSN}},
  author={Conti, Marco and De Salve, Andrea and Guidi, Barbara and Ricci, Laura},
  booktitle={European Conference on Parallel Processing},
  pages={311--322},
  year={2014},
  organization={Springer}
}

@inproceedings{tandukar2011selective,
  title={Selective propagation of social data in decentralized online social network},
  author={Tandukar, Udeep and Vassileva, Julita},
  booktitle={International Conference on User Modeling, Adaptation, and Personalization},
  pages={213--224},
  year={2011},
  organization={Springer}
}

@inproceedings{buchegger2009peerSoN,
  title={Implementing a P2P social network-early experiences and insights from peerSoN},
  author={Buchegger, Sonja and Schioberg, Doris and Vu, Le-Hung and Datta, Anwitaman},
  booktitle={Second ACM workshop on social network systems (co-located with EuroSys 2009)},
  number={CONF},
  year={2009}
}

@inproceedings{liu2011confidant,
  title={Confidant: protecting OSN data without locking it up},
  author={Liu, Dongtao and Shakimov, Amre and C{\'a}ceres, Ram{\'o}n and Varshavsky, Alexander and Cox, Landon P},
  booktitle={ACM/IFIP/USENIX International Conference on Distributed Systems Platforms and Open Distributed Processing},
  pages={61--80},
  year={2011},
  organization={Springer}
}

@article{guidi2016didusonet,
  title={DiDuSoNet: A P2P architecture for distributed Dunbar-based social networks},
  author={Guidi, Barbara and Amft, Tobias and De Salve, Andrea and Graffi, Kalman and Ricci, Laura},
  journal={Peer-to-Peer Networking and Applications},
  year={2016},
  publisher={Springer}
}

@article{eugster2004epidemic,
  title={Epidemic information dissemination in distributed systems},
  author={Eugster, Patrick T and Guerraoui, Rachid and Kermarrec, A-M and Massouli{\'e}, Laurent},
  journal={Computer},
  volume={37},
  number={5},
  pages={60--67},
  year={2004},
  publisher={IEEE}
}

@article{eugster2003lpcast,
author = {Eugster, P. Th. and Guerraoui, R. and Handurukande, S. B. and Kouznetsov, P. and Kermarrec, A.-M.},
title = {Lightweight Probabilistic Broadcast},
year = {2003},
issue_date = {November 2003},
publisher = {Association for Computing Machinery},
address = {New York, NY, USA},
volume = {21},
number = {4},
issn = {0734-2071},
journal = {ACM Trans. Comput. Syst.},
month = nov,
pages = {341–374},
numpages = {34},
keywords = {randomization, buffering, scalability, garbage collection, noise, reliability, Broadcast, gossip}
}

@inproceedings{mega2011efficient,
  title={Efficient dissemination in decentralized social networks},
  author={Mega, Giuliano and Montresor, Alberto and Picco, Gian Pietro},
  booktitle={2011 IEEE International Conference on Peer-to-Peer Computing},
  pages={338--347},
  year={2011},
  organization={IEEE}
}

@incollection{datta2010decentralized,
  title={{Decentralized Online Social Networks}},
  author={Datta, Anwitaman and Buchegger, Sonja and Vu, Le-Hung and Strufe, Thorsten and Rzadca, Krzysztof},
  booktitle={Handbook of social network technologies and applications},
  year={2010},
  publisher={Springer}
}

@inproceedings{datta2011godisco,
  title={Godisco: selective gossip based dissemination of information in social community based overlays},
  author={Datta, Anwitaman and Sharma, Rajesh},
  booktitle={International Conference on Distributed Computing and Networking},
  pages={227--238},
  year={2011},
  organization={Springer}
}

@inproceedings{haeberlen2007peerreview,
author = {Haeberlen, Andreas and Kouznetsov, Petr and Druschel, Peter},
title = {PeerReview: Practical Accountability for Distr. Sys.},
year = {2007},
publisher = {ACM},
booktitle = {SOPS 2007}
}

@article{maniatis2002secure,
  title={{Secure History Preservation through Timeline Entanglement}},
  author={Maniatis, Petros and Baker, Mary},
  journal={CoRR abs/cs/0202005},
  year={2002}
}

@book{shapiro1998information,
  title={Information rules: A strategic guide to the network economy},
  author={Shapiro, Carl and Varian, Hal R and Carl, Shapiro and others},
  year={1998},
  publisher={Harvard Business Press}
}

@incollection{varian2019economics,
  title={The Economics of the Internet and Academia},
  author={Varian, Hal},
  booktitle={The Economics of Information in the Networked Environment},
  pages={57--72},
  year={2019},
  publisher={Routledge}
}

@article{varian2021economics,
  title={Economics at Google},
  author={Varian, Hal},
  journal={Business Economics},
  volume={56},
  number={4},
  pages={195--199},
  year={2021},
  publisher={Springer}
}

@techreport{buttyan2001nuglets,
  title={Nuglets: a virtual currency to stimulate cooperation in self-organized mobile ad hoc networks},
  author={Buttyan, Levente and Hubaux, Jean-Pierre},
  year={2001}
}

@inproceedings{kermarrec2020gossiping,
  title={Gossiping with Append-Only Logs in Secure-Scuttlebutt},
  author={Kermarrec, Anne-Marie and Lavoie, Erick and Tschudin, Christian},
  booktitle={Proceedings of the 1st International Workshop on Distributed Infrastructure for Common Good},
  pages={19--24},
  year={2020}
}

@article{otte2020trustchain,
  title={{TrustChain: A Sybil-resistant scalable blockchain}},
  author={Otte, Pim and de Vos, Martijn and Pouwelse, Johan},
  journal={Future Generation Computer Systems},
  volume={107},
  pages={770--780},
  year={2020},
  publisher={Elsevier}
}

@inproceedings{guerraoui2021consensus,
  title={The consensus number of a cryptocurrency},
  author={Guerraoui, Rachid and Kuznetsov, Petr and Monti, Matteo and Pavlovic, Matej and Seredinschi, Dragos-Adrian},
  year={2021},
  booktitle={Distributed Computing},
  pages={1--15},
  doi={10.1007/s00446-021-00399-2},
  url={https://doi.org/10.1007/s00446-021-00399-2}
}


@article{collins2020broadcast-payment,
  author       = {Daniel Collins and
                  Rachid Guerraoui and
                  Jovan Komatovic and
                  Matteo Monti and
                  Athanasios Xygkis and
                  Matej Pavlovic and
                  Petr Kuznetsov and
                  Yvonne{-}Anne Pignolet and
                  Dragos{-}Adrian Seredinschi and
                  Andrei Tonkikh},
  title        = {Online Payments by Merely Broadcasting Messages (Extended Version)},
  journal      = {CoRR},
  volume       = {abs/2004.13184},
  year         = {2020},
  eprinttype    = {arXiv},
  eprint       = {2004.13184},
  timestamp    = {Wed, 17 Mar 2021 13:51:50 +0100},
  biburl       = {https://dblp.org/rec/journals/corr/abs-2004-13184.bib},
  bibsource    = {dblp computer science bibliography, https://dblp.org}
}

@misc{producercredit,
  title={{Money as Debt: Producer Credits}},
  author={Grignon, Paul},
  year={2009},
  note={Retrieved 2022-07-21 from \url{http://paulgrignon.netfirms.com/MoneyasDebt/MAD2014/solution4.htm}}
}

@misc{mutualcredit,
  title={{Private Enterprise Money}},
  author={Riegel, E.C.},
  year={1944},
  note={Retrieved 2022-07-21 from \url{http://www.newapproachtofreedom.info/documents/pem.pdf}}
}

@article{nakamoto2008bitcoin,
  title={Bitcoin: A peer-to-peer electronic cash system},
  author={Nakamoto, Satoshi},
  journal={Decentralized Business Review},
  pages={21260},
  year={2008}
}

@article{buterin2014next,
  title={{A Next-Generation Smart Contract and Decentralized Application Platform}},
  author={Buterin, Vitalik},
  journal={white paper},
  volume={3},
  number={37},
  pages={2--1},
  year={2014}
}

@article{collins2020online,
  title={Online payments by merely broadcasting messages (extended version)},
  author={Collins, Daniel and Guerraoui, Rachid and Komatovic, Jovan and Monti, Matteo and Xygkis, Athanasios and Pavlovic, Matej and Kuznetsov, Petr and Pignolet, Yvonne-Anne and Seredinschi, Dragos-Adrian and Tonkikh, Andrei},
  journal={arXiv preprint arXiv:2004.13184},
  year={2020}
}

@misc{nft-survey,
  doi = {10.48550/ARXIV.2105.07447},
  url = {https://arxiv.org/abs/2105.07447},
  author = {Wang, Qin and Li, Rujia and Wang, Qi and Chen, Shiping},
  keywords = {Cryptography and Security (cs.CR), FOS: Computer and information sciences, FOS: Computer and information sciences},
  title = {Non-Fungible Token (NFT): Overview, Evaluation, Opportunities and Challenges},
  publisher = {arXiv},
  year = {2021},
  copyright = {Creative Commons Attribution 4.0 International}
}

@inproceedings{lavoie2022localcryptotokens,
author = {Lavoie, Erick and Tschudin, Christian},
title = {Local Crypto-Tokens for Local Economics},
year = {2022},
publisher = {Association for Computing Machinery},
address = {New York, NY, USA},
url = {https://doi.org/10.1145/3565383.3566113},
doi = {10.1145/3565383.3566113},
booktitle = {Proceedings of the 3rd ACM International Workshop on Distributed Infrastructure for the Common Good},
location = {Quebec, QC, Canada},
series = {DICG ’22}
}

@misc{blockchair-dumps,
  title={{Blockchair Database Dumps}},
  year={2022},
  note={Retrieved 2022-08-15 from \url{https://blockchair.com/dumps}}
}

@misc{eip-20,
    title={{EIP-20: Token Standard}},
    year=2015,
    note={Retrieved 2022-11-17 from \url{https://eips.ethereum.org/EIPS/eip-20}}
}

@inproceedings{zhang2015cloud,
  title={The cloud is not enough: saving iot from the cloud.},
  author={Zhang, Ben and Mor, Nitesh and Kolb, John and Chan, Douglas S and Lutz, Ken and Allman, Eric and Wawrzynek, John and Lee, Edward A and Kubiatowicz, John},
  booktitle={HotStorage},
  year={2015}
}

@inproceedings{shapiro:hal-00932836,
  TITLE = {{Conflict-free Replicated Data Types}},
  AUTHOR = {Shapiro, Marc and Pregui{\c c}a, Nuno and Baquero, Carlos and Zawirski, Marek},
  URL = {https://hal.inria.fr/hal-00932836},
  BOOKTITLE = {{SSS 2011 - 13th International Symposium Stabilization, Safety, and Security of Distributed Systems}},
  ADDRESS = {Grenoble, France},
  EDITOR = {Xavier D{\'e}fago and Franck Petit and Vincent Villain},
  PUBLISHER = {{Springer}},
  SERIES = {Lecture Notes in Computer Science},
  VOLUME = {6976},
  PAGES = {386-400},
  YEAR = {2011},
  MONTH = Oct,
  DOI = {10.1007/978-3-642-24550-3\_29},
  KEYWORDS = {Eventual Consistency ; Replicated Shared Objects ; Large-Scale Distributed Systems ; Conflict-Free Replicated Data Type (CRDT) ; Weak Consistency ; Replication},
  PDF = {https://hal.inria.fr/hal-00932836/file/CRDTs_SSS-2011.pdf},
  HAL_ID = {hal-00932836},
  HAL_VERSION = {v1},
}

@techreport{shapiro:inria-00555588,
  TITLE = {{A comprehensive study of Convergent and Commutative Replicated Data Types}},
  AUTHOR = {Shapiro, Marc and Pregui{\c c}a, Nuno and Baquero, Carlos and Zawirski, Marek},
  URL = {https://hal.inria.fr/inria-00555588},
  TYPE = {Research Report},
  NUMBER = {RR-7506},
  PAGES = {50},
  INSTITUTION = {{Inria -- Centre Paris-Rocquencourt ; INRIA}},
  YEAR = {2011},
  MONTH = Jan,
  KEYWORDS = {eventual consistency ; optimistic replication ; replicated data types ; distributed algorithms ; distributed systems ; Data replication ; commutative operations},
  PDF = {https://hal.inria.fr/inria-00555588/file/techreport.pdf},
  HAL_ID = {inria-00555588},
  HAL_VERSION = {v1},
}

@inproceedings{aslan:inria-00594590,
  TITLE = {{C-Set : a Commutative Replicated Data Type for Semantic Stores}},
  AUTHOR = {Aslan, Khaled and Molli, Pascal and Skaf-Molli, Hala and Weiss, St{\'e}phane},
  URL = {https://hal.inria.fr/inria-00594590},
  BOOKTITLE = {{RED: Fourth International Workshop on REsource Discovery}},
  ADDRESS = {Heraklion, Greece},
  YEAR = {2011},
  MONTH = May,
  PDF = {https://hal.inria.fr/inria-00594590/file/main.pdf},
  HAL_ID = {inria-00594590},
  HAL_VERSION = {v1},
}

@inproceedings{bieniusa:hal-00769554,
  TITLE = {{Brief Announcement: Semantics of Eventually Consistent Replicated Sets}},
  AUTHOR = {Bieniusa, Annette and Zawirski, Marek and Pregui{\c c}a, Nuno and Shapiro, Marc and Baquero, Carlos and Balegas, Valter and Duarte, S{\'e}rgio},
  URL = {https://hal.inria.fr/hal-00769554},
  BOOKTITLE = {{DISC 2012 - 26th International Symposium on Distributed Computing}},
  ADDRESS = {Salvador, Bahia, Brazil},
  EDITOR = {Marcos K. Aguilera},
  PUBLISHER = {{Springer}},
  SERIES = {Lecture Notes in Computer Science},
  VOLUME = {7611},
  PAGES = {441--442},
  YEAR = {2012},
  MONTH = Oct,
  DOI = {10.1007/978-3-642-33651-5\_48},
  KEYWORDS = {Eventual Consistency ; Replication ; CRDT ; Set},
  PDF = {https://hal.inria.fr/hal-00769554/file/semantics-sets-BA-DISC-2012.pdf},
  HAL_ID = {hal-00769554},
  HAL_VERSION = {v1},
}

@article{preguicca2018conflict,
  title={Conflict-free replicated data types: An overview},
  author={Pregui{\c{c}}a, Nuno},
  journal={arXiv preprint arXiv:1806.10254},
  year={2018}
}

@article{nakamoto2008bitcoin,
  title={Bitcoin: A peer-to-peer electronic cash system},
  author={Nakamoto, Satoshi},
  journal={Decentralized business review},
  pages={21260},
  year={2008}
}

CRDT Papers
@article{Guidec2022opportunistic,
  title = {Supporting conflict-free replicated data types in opportunistic networks},
  author = {Guidec, Frédéric and Mahéo, Yves and Noûs, Camille},
  journal = {Peer-to-Peer Networking and Applications},
  year = {2022},
  month = dec,
  publisher = {Springer},
  doi = {10.1007/s12083-022-01404-6},
  keywords = {systems, networks}
}
@inproceedings{Jannes2022secure,
  author = {Jannes, Kristof and Lagaisse, Bert and Joosen, Wouter},
  title = {Secure Replication for Client-Centric Data Stores},
  booktitle = {3rd International Workshop on Distributed Infrastructure for the Common Good},
  series = {DICG 2022},
  year = {2022},
  month = nov,
  pages = {31--36},
  publisher = {ACM},
  pdf = {https://kristofjannes.com/papers/dicg22.pdf},
  doi = {10.1145/3565383.3566111},
  keywords = {state-based, systems, security}
}
@article{Litt2022peritext,
  author = {Litt, Geoffrey and Lim, Sarah and Kleppmann, Martin and van Hardenberg, Peter},
  title = {Peritext: A {CRDT} for Collaborative Rich Text Editing},
  journal = {Proceedings of the ACM on Human-Computer Interaction},
  volume = {6},
  number = {CSCW2},
  articleno = {531},
  year = {2022},
  month = nov,
  publisher = {ACM},
  doi = {10.1145/3555644},
  pdf = {https://www.inkandswitch.com/peritext/static/cscw-publication.pdf},
  keywords = {text-editing, systems}
}
@article{Nieto2022modular,
  author = {Nieto, Abel and Gondelman, Léon and Reynaud, Alban and Timany, Amin and Birkedal, Lars},
  title = {Modular Verification of Op-Based {CRDTs} in Separation Logic},
  journal = {Proceedings of the ACM on Programming Languages},
  volume = {6},
  number = {OOPSLA2},
  articleno = {188},
  year = {2022},
  month = oct,
  pages = {1788–1816},
  publisher = {ACM},
  doi = {10.1145/3563351},
  url = {https://iris-project.org/pdfs/2022-oopsla-crdts.pdf},
  keywords = {specification, verification}
}
@article{Kleppmann2022convergence,
  author = {Kleppmann, Martin and Alvaro, Peter},
  title = {Research for Practice: Convergence},
  journal = {Communications of the ACM},
  volume = {65},
  issue = {11},
  pages = {104-106},
  year = {2022},
  month = nov,
  publisher = {ACM},
  doi = {10.1145/3563901},
  pdf = {https://martin.kleppmann.com/papers/convergence-cacm.pdf},
  keywords = {introduction, crdt-related}
}
@article{DePorre2022VeriFx,
  author = {De Porre, Kevin and Ferreira, Carla and Gonzalez Boix, Elisa},
  title = {{VeriFx}: Correct Replicated Data Types for the Masses},
  year = {2022},
  month = jul,
  eprint = {2207.02502},
  url = {https://arxiv.org/abs/2207.02502},
  keywords = {verification}
}
@inproceedings{Soundarapandian2022MRDT,
  author = {Soundarapandian, Vimala and Kamath, Adharsh and Nagar, Kartik and Sivaramakrishnan, KC},
  title = {Certified Mergeable Replicated Data Types},
  booktitle = {43rd ACM SIGPLAN Conference on Programming Language Design and Implementation},
  series = {PLDI 2022},
  year = {2022},
  month = jun,
  pages = {332–347},
  publisher = {ACM},
  eprint = {2203.14518},
  doi = {10.1145/3519939.3523735},
  keywords = {crdt-related, MRDT, verification}
}
@inproceedings{Houshmand2022RDMA,
  author = {Houshmand, Farzin and Saberlatibari, Javad and Lesani, Mohsen},
  title = {Hamband: {RDMA} Replicated Data Types},
  booktitle = {43rd ACM SIGPLAN Conference on Programming Language Design and Implementation},
  series = {PLDI 2022},
  year = {2022},
  month = jun,
  pages = {348–363},
  publisher = {ACM},
  doi = {10.1145/3519939.3523426},
  keywords = {crdt-related, systems}
}
@inproceedings{Kaki2022MRDT,
  author = {Kaki, Gowtham and Prahladan, Prasanth and Lewchenko, Nicholas V.},
  title = {RunTime-Assisted Convergence in Replicated Data Types},
  booktitle = {43rd ACM SIGPLAN Conference on Programming Language Design and Implementation},
  series = {PLDI 2022},
  year = {2022},
  month = jun,
  pages = {364–378},
  publisher = {ACM},
  doi = {10.1145/3519939.3523724},
  keywords = {crdt-related, MRDT, Quark}
}
@article{Laddad2022lifting,
  author = {Laddad, Shadaj and Power, Conor and Milano, Mae and Cheung, Alvin and Hellerstein, Joseph M.},
  title = {Synthesizing {CRDTs} from Sequential Data Types with Verified Lifting},
  year = {2022},
  month = may,
  eprint = {2205.12425},
  url = {https://arxiv.org/abs/2205.12425},
  keywords = {specification, verification}
}
@techreport{Kleppmann2022buggy,
  author = {Kleppmann, Martin},
  title = {Assessing the understandability of a distributed algorithm by tweeting buggy pseudocode},
  year = {2022},
  month = may,
  institution = {University of Cambridge, Department of Computer Science and Technology},
  number = {UCAM-CL-TR-969},
  doi = {10.48456/tr-969},
  pdf = {https://www.cl.cam.ac.uk/techreports/UCAM-CL-TR-969.pdf},
  keywords = {verification}
}
@inproceedings{Brocco2022melda,
  author = {Brocco, Amos},
  title = {Melda: A General Purpose Delta State {JSON} {CRDT}},
  booktitle = {9th Workshop on Principles and Practice of Consistency for Distributed Data},
  series = {PaPoC 2022},
  year = {2022},
  month = apr,
  pages = {1--7},
  publisher = {ACM},
  doi = {10.1145/3517209.3524039},
  keywords = {systems, delta-based, JSON}
}
@inproceedings{Kleppmann2022byzantine,
  author = {Kleppmann, Martin},
  title = {Making {CRDTs} {Byzantine} Fault Tolerant},
  booktitle = {9th Workshop on Principles and Practice of Consistency for Distributed Data},
  series = {PaPoC 2022},
  year = {2022},
  month = apr,
  pages = {8--15},
  publisher = {ACM},
  pdf = {https://martin.kleppmann.com/papers/bft-crdt-papoc22.pdf},
  doi = {10.1145/3517209.3524042},
  keywords = {security}
}
@inproceedings{Schiefer2022fork,
  author = {Schiefer, Nicholas and Litt, Geoffrey and Jackson, Daniel},
  title = {Merge What You Can, Fork What You Can't: Managing Data Integrity in Local-First Software},
  booktitle = {9th Workshop on Principles and Practice of Consistency for Distributed Data},
  series = {PaPoC 2022},
  year = {2022},
  month = apr,
  pages = {24--32},
  publisher = {ACM},
  doi = {10.1145/3517209.3524041},
  keywords = {systems, usability}
}
@inproceedings{Rault2022accessControl,
  author = {Rault, Pierre-Antoine and Ignat, Claudia-Lavinia and Perrin, Olivier},
  title = {Distributed Access Control for Collaborative Applications Using {CRDTs}},
  booktitle = {9th Workshop on Principles and Practice of Consistency for Distributed Data},
  series = {PaPoC 2022},
  year = {2022},
  month = apr,
  pages = {33--38},
  publisher = {ACM},
  pdf = {https://hal.inria.fr/hal-03584553/file/papoc.pdf},
  doi = {10.1145/3517209.3524826},
  keywords = {security}
}
@inproceedings{Saquib2022versionTrees,
  author = {Saquib, Nazmus and Krintz, Chandra and Wolski, Rich},
  title = {Ordering Operations for Generic Replicated Data Types Using Version Trees},
  booktitle = {9th Workshop on Principles and Practice of Consistency for Distributed Data},
  series = {PaPoC 2022},
  year = {2022},
  month = apr,
  pages = {39--46},
  publisher = {ACM},
  doi = {10.1145/3517209.3524038},
  keywords = {crdt-related}
}
@inproceedings{Weidner2022counter,
  author = {Weidner, Matthew and Almeida, Paulo S\'{e}rgio},
  title = {An Oblivious Observed-Reset Embeddable Replicated Counter},
  booktitle = {9th Workshop on Principles and Practice of Consistency for Distributed Data},
  series = {PaPoC 2022},
  year = {2022},
  month = apr,
  pages = {47--52},
  publisher = {ACM},
  pdf = {https://mattweidner.com/assets/pdf/Embeddable_counter_CRDT.pdf},
  doi = {10.1145/3517209.3524084},
  keywords = {counters}
}
@article{Rinberg2022DSON,
  author = {Rinberg, Arik and Solomon, Tomer and Shlomo, Roee and Khazma, Guy and Lushi, Gal and Keidar, Idit and Ta-Shma, Paula},
  title = {{DSON}: {JSON CRDT} Using Delta-Mutations for Document Stores},
  journal = {Proceedings of the VLDB Endowment},
  volume = {15},
  number = {5},
  pages = {1053–1065},
  year = {2022},
  month = jan,
  pdf = {https://www.vldb.org/pvldb/vol15/p1053-rinberg.pdf},
  doi = {10.14778/3510397.3510403},
  keywords = {systems, trees}
}
@inproceedings{Brocco2021json,
  author = {Brocco, Amos},
  title = {Delta-State {JSON} {CRDT}: Putting Collaboration on Solid Ground},
  booktitle = {23rd International Symposium on Stabilization, Safety, and Security of Distributed Systems},
  series = {SSS 2021},
  year = {2021},
  month = nov,
  publisher = {Springer LNCS volume 13046},
  pages = {474-478},
  doi = {10.1007/978-3-030-91081-5_32},
  keywords = {systems, delta-based, JSON, Solid}
}
@article{Kleppmann2021move,
  author = {Kleppmann, Martin and Mulligan, Dominic P. and Gomes, Victor B. F. and Beresford, Alastair R.},
  title = {A highly-available move operation for replicated trees},
  journal = {IEEE Transactions on Parallel and Distributed Systems},
  volume = {33},
  issue = {7},
  pages = {1711--1724},
  year = {2021},
  month = oct,
  publisher = {IEEE},
  doi = {10.1109/TPDS.2021.3118603},
  pdf = {https://martin.kleppmann.com/papers/move-op.pdf},
  keywords = {trees, verification}
}
@article{DePorre2021ecros,
  author = {De Porre, Kevin and Ferreira, Carla and Pregui\c{c}a, Nuno and Gonzalez Boix, Elisa},
  title = {{ECROs}: Building Global Scale Systems from Sequential Code},
  journal = {Proceedings of the ACM on Programming Languages (PACMPL)},
  volume = {5},
  number = {OOPSLA},
  articleno = {107},
  year = {2021},
  month = oct,
  publisher = {ACM},
  doi = {10.1145/3485484},
  keywords = {crdt-related}
}
@inproceedings{Brattli2021undo,
  author = {Brattli, Eric and Yu, Weihai},
  title = {Supporting Undo and Redo for Replicated Registers in Collaborative Applications},
  booktitle = {18th International Conference on Cooperative Design, Visualization, and Engineering},
  series = {CDVE 2021},
  year = {2021},
  month = oct,
  pages = {195-205},
  publisher = {Springer LNCS volume 12983},
  doi = {10.1007/978-3-030-88207-5_19},
  keywords = {undo}
}
@article{Jannes2021owebsync,
  author = {Jannes, Kristof and Lagaisse, Bert and Joosen, Wouter},
  title = {{OWebSync}: Seamless Synchronization of Distributed Web Clients},
  journal = {IEEE Transactions on Parallel and Distributed Systems},
  volume = {32},
  number = {9},
  year = {2021},
  month = sep,
  pages = {2338-2351},
  publisher = {IEEE},
  doi = {10.1109/TPDS.2021.3066276},
  pdf = {https://kristofjannes.com/papers/tpds_owebsync.pdf},
  keywords = {state-based, synchronisation protocols, JSON, systems, OWebSync}
}
@inproceedings{Tomter2021sqlite,
  author = {Tomter, Iver Toft and Yu, Weihai},
  title = {Augmenting {SQLite} for Local-First Software},
  booktitle = {European Conference on Advances in Databases and Information Systems},
  series = {ADBIS 2021},
  year = {2021},
  month = aug,
  pages = {247-257},
  publisher = {Springer},
  doi = {10.1007/978-3-030-85082-1_22},
  pdf = {https://munin.uit.no/bitstream/handle/10037/24430/article.pdf},
  keywords = {systems, relational, SQLite}
}
@inproceedings{Yanakieva2021accesscontrol,
  author = {Yanakieva, Elena and Youssef, Michael and Rezae, Ahmad Hussein and Bieniusa, Annette},
  title = {Access Control Conflict Resolution in Distributed File Systems Using {CRDTs}},
  booktitle = {8th Workshop on Principles and Practice of Consistency for Distributed Data},
  series = {PaPoC 2021},
  articleno = {1},
  year = {2021},
  month = apr,
  publisher = {ACM},
  doi = {10.1145/3447865.3457970},
  keywords = {filesystem, Repliss, access control}
}
@inproceedings{Rinberg2021array,
  author = {Rinberg, Arik and Solomon, Tomer and Khazma, Guy and Lushi, Gal and Shlomo, Roee and Ta-Shma, Paula},
  title = {Array {CRDTs} Using Delta-Mutations},
  booktitle = {8th Workshop on Principles and Practice of Consistency for Distributed Data},
  series = {PaPoC 2021},
  articleno = {3},
  year = {2021},
  month = apr,
  publisher = {ACM},
  doi = {10.1145/3447865.3457971},
  keywords = {list-crdt, delta-based, JSON}
}
@inproceedings{Bauwens2021reactivity,
  author = {Bauwens, Jim and Boix, Elisa Gonzalez},
  title = {Improving the Reactivity of Pure Operation-Based {CRDTs}},
  booktitle = {8th Workshop on Principles and Practice of Consistency for Distributed Data},
  series = {PaPoC 2021},
  articleno = {4},
  year = {2021},
  month = apr,
  publisher = {ACM},
  doi = {10.1145/3447865.3457968},
  keywords = {pure operation-based, systems, Flec}
}
@inproceedings{Litt2021cambria,
  author = {Litt, Geoffrey and Hardenberg, Peter van and Henry, Orion},
  title = {{Cambria}: Schema Evolution in Distributed Systems with Edit Lenses},
  booktitle = {8th Workshop on Principles and Practice of Consistency for Distributed Data},
  series = {PaPoC 2021},
  articleno = {8},
  year = {2021},
  month = apr,
  publisher = {ACM},
  doi = {10.1145/3447865.3457963},
  keywords = {schemas, systems, Cambria}
}
@article{Nair2021Maram,
  author = {Nair, Sreeja and Meirim, Filipe and Pereira, Mário and Ferreira, Carla and Shapiro, Marc},
  title = {A coordination-free, convergent, and safe replicated tree},
  year = {2021},
  month = mar,
  eprint = {2103.04828},
  url = {https://arxiv.org/abs/2103.04828},
  keywords = {trees, Maram}
}
@inproceedings{Barbosa2021secure,
  author = {Barbosa, Manuel and Ferreira, Bernardo and Marques, Jo\~{a}o and Portela, Bernardo and Pregui\c{c}a, Nuno},
  title = {Secure Conflict-Free Replicated Data Types},
  booktitle = {International Conference on Distributed Computing and Networking 2021},
  series = {ICDCN 2021},
  year = {2021},
  month = jan,
  pages = {6--15},
  publisher = {ACM},
  doi = {10.1145/3427796.3427831},
  pdf = {https://repositorio.inesctec.pt/bitstream/123456789/12112/1/P-00T-BT2.pdf},
  keywords = {security, Antidote}
}
@article{Liu2020haskell,
  author = {Liu, Yiyun and Parker, James and Redmond, Patrick and Kuper, Lindsey and Hicks, Michael and Vazou, Niki},
  title = {Verifying Replicated Data Types with Typeclass Refinements in {Liquid Haskell}},
  journal = {Proceedings of the ACM on Programming Languages},
  volume = {4},
  number = {OOPSLA},
  articleno = {216},
  year = {2020},
  month = {nov},
  publisher = {ACM},
  doi = {10.1145/3428284},
  keywords = {verification}
}
@inproceedings{Bauwens2020gc,
  author = {Bauwens, Jim and Gonzalez Boix, Elisa},
  title = {From Causality to Stability: Understanding and Reducing Meta-Data in {CRDTs}},
  booktitle = {17th International Conference on Managed Programming Languages and Runtimes},
  series = {MPLR 2020},
  year = {2020},
  month = nov,
  pages = {3--14},
  publisher = {ACM},
  doi = {10.1145/3426182.3426183},
  pdf = {https://soft.vub.ac.be/~jibauwen/publications/mplr20-from-causality-to-stability-jimbauwens.pdf},
  keywords = {operation-based, systems, Flec}
}
@inproceedings{Yu2020relations,
  author = {Yu, Weihai and Ignat, Claudia-Lavinia},
  title = {Conflict-Free Replicated Relations for Multi-Synchronous Database Management at Edge},
  booktitle = {IEEE International Conference on Smart Data Services},
  series = {SMDS 2020},
  year = {2020},
  month = oct,
  pages = {113--121},
  publisher = {IEEE},
  doi = {10.1109/SMDS49396.2020.00021},
  pdf = {https://hal.inria.fr/hal-02983557/},
  keywords = {relational database,delta-crdt,integrity constraints}
}
@article{DePorre2020cscript,
  author = {De Porre, Kevin and Myter, Florian and Scholliers, Christophe and Gonzalez Boix, Elisa},
  title = {{CScript}: A distributed programming language for building mixed-consistency applications},
  journal = {Journal of Parallel and Distributed Computing volume 144},
  pages = {109-123},
  year = {2020},
  month = oct,
  issn = {0743-7315},
  doi = {10.1016/j.jpdc.2020.05.010},
  pdf = {http://soft.vub.ac.be/Publications/2020/vub-tr-soft-20-04.pdf},
  keywords = {computation, composition, systems, CScript}
}
@article{Weidner2020composing,
  author = {Weidner, Matthew and Miller, Heather and Meiklejohn, Christopher},
  title = {Composing and Decomposing Op-Based {CRDTs} with Semidirect Products},
  booktitle = {25th ACM SIGPLAN International Conference on Functional Programming},
  series = {ICFP 2020},
  year = {2020},
  month = aug,
  publisher = {ACM},
  eprint = {2004.04303},
  doi = {10.1145/3408976},
  pdf = {https://dl.acm.org/doi/pdf/10.1145/3408976},
  keywords = {composition, operation-based}
}
@inproceedings{Dolan2020undoable,
  author = {Dolan, Stephen},
  title = {Brief Announcement: The Only Undoable {CRDTs} Are Counters},
  year = {2020},
  month = aug,
  booktitle = {39th Symposium on Principles of Distributed Computing},
  series = {PODC 2020},
  pages = {57–58},
  publisher = {ACM},
  doi = {10.1145/3382734.3405749},
  eprint = {2006.10494},
  keywords = {set-crdt, counters, undo}
}
@mastersthesis{Blau2020delta,
  author = {Blau, Taylor},
  title = {Verifying Strong Eventual Consistency in $\delta$-CRDTs},
  year = {2020},
  month = jun,
  school = {University of Washington},
  type = {Bachelor's Thesis},
  eprint = {2006.09823},
  keywords = {state-based, verification}
}
@inproceedings{Kleppmann2020moving,
  author = {Kleppmann, Martin},
  title = {Moving Elements in List {CRDTs}},
  booktitle = {7th Workshop on Principles and Practice of Consistency for Distributed Data},
  series = {PaPoC 2020},
  year = {2020},
  month = apr,
  publisher = {ACM},
  articleno = {4},
  doi = {10.1145/3380787.3393677},
  pdf = {https://martin.kleppmann.com/papers/list-move-papoc20.pdf},
  keywords = {text-editing}
}
@inproceedings{Yu2020causalLengths,
  author = {Yu, Weihai and Rostad, Sigbj\o{}rn},
  title = {A Low-Cost Set {CRDT} Based on Causal Lengths},
  booktitle = {7th Workshop on Principles and Practice of Consistency for Distributed Data},
  series = {PaPoC 2020},
  year = {2020},
  month = apr,
  publisher = {ACM},
  articleno = {5},
  doi = {10.1145/3380787.3393678},
  keywords = {set-crdt}
}
@inproceedings{Grosch2020AutoCouch,
  author = {Grosch, Pascal and Krafft, Roman and W\"{o}lki, Marcel and Bieniusa, Annette},
  title = {{AutoCouch}: A {JSON} {CRDT} Framework},
  booktitle = {7th Workshop on Principles and Practice of Consistency for Distributed Data},
  series = {PaPoC 2020},
  year = {2020},
  month = apr,
  publisher = {ACM},
  articleno = {6},
  doi = {10.1145/3380787.3393679},
  keywords = {systems, Automerge, AutoCouch}
}
@inproceedings{Grishchenko2020Chronofold,
  author = {Grishchenko, Victor and Patrakeev, Mikhail},
  title = {{Chronofold}: A Data Structure for Versioned Text},
  booktitle = {7th Workshop on Principles and Practice of Consistency for Distributed Data},
  series = {PaPoC 2020},
  year = {2020},
  month = apr,
  publisher = {ACM},
  articleno = {7},
  doi = {10.1145/3380787.3393680},
  eprint = {2002.09511},
  keywords = {text-editing, Chronofold}
}
@inproceedings{Nicolas2020renaming,
  author = {Nicolas, Matthieu and Oster, G\'{e}rald and Perrin, Olivier},
  title = {Efficient Renaming in Sequence {CRDTs}},
  booktitle = {7th Workshop on Principles and Practice of Consistency for Distributed Data},
  series = {PaPoC 2020},
  year = {2020},
  month = apr,
  publisher = {ACM},
  articleno = {9},
  doi = {10.1145/3380787.3393682},
  pdf = {https://hal.inria.fr/hal-02526724/document},
  keywords = {text-editing, LogootSplit}
}
@inproceedings{vanHardenberg2020PushPin,
  author = {van Hardenberg, Peter and Kleppmann, Martin},
  title = {{PushPin}: Towards Production-Quality Peer-to-Peer Collaboration},
  booktitle = {7th Workshop on Principles and Practice of Consistency for Distributed Data},
  series = {PaPoC 2020},
  year = {2020},
  month = apr,
  publisher = {ACM},
  articleno = {10},
  doi = {10.1145/3380787.3393683},
  pdf = {https://martin.kleppmann.com/papers/pushpin-papoc20.pdf},
  keywords = {systems, usability, PushPin}
}
@inproceedings{Bauwens2020Flec,
  author = {Bauwens, Jim and Gonzalez Boix, Elisa},
  title = {{Flec}: A Versatile Programming Framework for Eventually Consistent Systems},
  booktitle = {7th Workshop on Principles and Practice of Consistency for Distributed Data},
  series = {PaPoC 2020},
  year = {2020},
  month = apr,
  publisher = {ACM},
  articleno = {12},
  doi = {10.1145/3380787.3393685},
  keywords = {systems, Flec}
}
@inproceedings{Yu2019undo,
  author = {Yu, Weihai and Elvinger, Victorien and Ignat, Claudia-Lavinia},
  title = {A Generic Undo Support for State-Based {CRDTs}},
  booktitle = {23rd International Conference on Principles of Distributed Systems},
  series = {OPODIS 2019},
  year = {2019},
  month = nov,
  publisher = {Dagstuhl LIPIcs},
  articleno = {14},
  doi = {10.4230/LIPIcs.OPODIS.2019.14},
  pdf = {https://drops.dagstuhl.de/opus/volltexte/2020/11800/pdf/LIPIcs-OPODIS-2019-14.pdf},
  keywords = {state-based, undo}
}
@inproceedings{Kleppmann2019localfirst,
  author = {Kleppmann, Martin and Wiggins, Adam and van Hardenberg, Peter and McGranaghan, Mark},
  title = {Local-First Software: You own your data, in spite of the cloud},
  booktitle = {ACM SIGPLAN International Symposium on New Ideas, New Paradigms, and Reflections on Programming and Software},
  series = {Onward! 2019},
  year = {2019},
  month = oct,
  publisher = {ACM},
  pages = {154--178},
  doi = {10.1145/3359591.3359737},
  pdf = {https://martin.kleppmann.com/papers/local-first.pdf},
  keywords = {systems, usability}
}
@article{Kaki2019mergeable,
  author = {Kaki, Gowtham and Priya, Swarn and Sivaramakrishnan, KC and Jagannathan, Suresh},
  title = {Mergeable Replicated Data Types},
  journal = {Proceedings of the ACM on Programming Languages (PACMPL)},
  year = {2019},
  volume = {3},
  number = {OOPSLA},
  month = oct,
  publisher = {ACM},
  doi = {10.1145/3360580},
  url = {https://gowthamk.github.io/docs/mrdt.pdf},
  keywords = {crdt-related, MRDT}
}
@article{Mogk2019faulttolerantRP,
  author = {Mogk, Ragnar and Drechsler, Joscha and Salvaneschi, Guido and Mezini, Mira},
  title = {A Fault-Tolerant Programming Model for Distributed Interactive Applications},
  journal = {Proceedings of the ACM on Programming Languages (PACMPL)},
  year = {2019},
  volume = {3},
  number = {OOPSLA},
  month = oct,
  publisher = {ACM},
  doi = {10.1145/3360570},
  keywords = {systems}
}
@inproceedings{Bauwens2019memory,
  author = {Bauwens, Jim and Gonzalez Boix, Elisa},
  title = {Memory Efficient {CRDTs} in Dynamic Environments},
  booktitle = {11th ACM SIGPLAN International Workshop on Virtual Machines and Intermediate Languages},
  series = {VMIL 2019},
  year = {2019},
  month = oct,
  publisher = {ACM},
  pages = {48–57},
  doi = {10.1145/3358504.3361231},
  pdf = {http://soft.vub.ac.be/Publications/2019/vub-soft-tr-19-22.pdf},
  keywords = {systems, operation-based, memory management}
}
@inproceedings{Auvolat2019merkle,
  author = {Auvolat, Alex and Taïani, François},
  title = {{Merkle} Search Trees: Efficient State-Based {CRDTs} in Open Networks},
  booktitle = {38th Symposium on Reliable Distributed Systems},
  series = {SRDS 2019},
  year = {2019},
  pages = {221-230},
  publisher = {IEEE},
  doi = {10.1109/SRDS47363.2019.00032},
  keywords = {state-based, security}
}
@article{Kollmann2019Snapdoc,
  author = {Kollmann, Stephan A and Kleppmann, Martin and Beresford, Alastair R},
  title = {{Snapdoc}: Authenticated snapshots with history privacy in peer-to-peer collaborative editing},
  journal = {Proceedings on Privacy Enhancing Technologies (PoPETS)},
  volume = {2019},
  number = {3},
  pages = {210--232},
  year = {2019},
  month = jul,
  publisher = {De Gruyter},
  doi = {10.2478/popets-2019-0044},
  pdf = {https://www.petsymposium.org/2019/files/papers/issue3/popets-2019-0044.pdf},
  keywords = {security}
}
@inproceedings{DePorre2019order,
  author = {De Porre, Kevin and Myter, Florian and De Troyer, Christophe and Scholliers, Christophe and De Meuter, Wolfgang and Gonzalez Boix, Elisa},
  title = {Putting Order in Strong Eventual Consistency},
  booktitle = {19th IFIP WG 6.1 International Conference on Distributed Applications and Interoperable Systems},
  series = {DAIS 2019},
  year = {2019},
  month = jun,
  publisher = {Springer LNCS volume 11534},
  pages = {36--56},
  doi = {10.1007/978-3-030-22496-7_3},
  pdf = {http://soft.vub.ac.be/Publications/2019/vub-soft-tr-19-09.pdf},
  keywords = {systems, CScript}
}
@inproceedings{Enes2019synchronization,
  author = {Enes, Vitor and Almeida, Paulo S{\'e}rgio and Baquero, Carlos and Leit\~{a}o, Jo\~{a}o},
  title = {Efficient Synchronization of State-Based {CRDTs}},
  booktitle = {35th IEEE International Conference on Data Engineering},
  series = {ICDE 2019},
  year = {2019},
  month = apr,
  pages = {148--159},
  doi = {10.1109/ICDE.2019.00022},
  eprint = {1803.02750},
  keywords = {state-based}
}
@inproceedings{Leijnse2019higherorder,
  author = {Leijnse, Adriaan and Almeida, Paulo S\'{e}rgio and Baquero, Carlos},
  title = {Higher-Order Patterns in Replicated Data Types},
  booktitle = {6th Workshop on Principles and Practice of Consistency for Distributed Data},
  series = {PaPoC 2019},
  year = {2019},
  month = mar,
  publisher = {ACM},
  articleno = {5},
  doi = {10.1145/3301419.3323971},
  pdf = {https://repositorio.inesctec.pt/bitstream/123456789/10536/1/P-00Q-WJM.pdf},
  keywords = {composition}
}
@inproceedings{Kleppmann2019interleaving,
  author = {Kleppmann, Martin and Gomes, Victor B. F. and Mulligan, Dominic P. and Beresford, Alastair R.},
  title = {Interleaving Anomalies in Collaborative Text Editors},
  booktitle = {6th Workshop on Principles and Practice of Consistency for Distributed Data},
  series = {PaPoC 2019},
  year = {2019},
  month = mar,
  publisher = {ACM},
  articleno = {6},
  doi = {10.1145/3301419.3323972},
  pdf = {https://martin.kleppmann.com/papers/interleaving-papoc19.pdf},
  keywords = {text-editing}
}
@inproceedings{Mealha2019cloudEdge,
  author = {Mealha, David and Pregui\c{c}a, Nuno and Gomes, Maria Cecilia and Leit\~{a}o, Jo\~{a}o},
  title = {Data Replication on the Cloud/Edge},
  booktitle = {6th Workshop on Principles and Practice of Consistency for Distributed Data},
  series = {PaPoC 2019},
  year = {2019},
  month = mar,
  publisher = {ACM},
  articleno = {7},
  doi = {10.1145/3301419.3323973},
  keywords = {systems}
}
@inproceedings{DePorre2019generic,
  author = {De Porre, Kevin and Myter, Florian and De Troyer, Christophe and Scholliers, Christophe and De Meuter, Wolfgang and Gonzalez Boix, Elisa},
  title = {A Generic Replicated Data Type for Strong Eventual Consistency},
  booktitle = {6th Workshop on Principles and Practice of Consistency for Distributed Data},
  series = {PaPoC 2019},
  year = {2019},
  month = mar,
  publisher = {ACM},
  articleno = {8},
  doi = {10.1145/3301419.3323974},
  pdf = {http://soft.vub.ac.be/Publications/2019/vub-soft-tr-19-08.pdf},
  keywords = {text-editing, operation-based}
}
@inproceedings{Hall2018CausalGraph,
  author = {Hall, Aaron and Nelson, Grant and Thiesen, Mike and Woods, Nate},
  title = {The Causal Graph {CRDT} for Complex Document Structure},
  booktitle = {18th ACM Symposium on Document Engineering},
  series = {DocEng 2018},
  year = {2018},
  month = aug,
  publisher = {ACM},
  articleno = {34},
  numpages = {4},
  location = {Halifax, NS, Canada},
  doi = {10.1145/3209280.3229110},
  keywords = {text-editing, trees}
}
@article{Lv2018CAD,
  author = {Lv, Xiao and He, Fazhi and Cheng, Yuan and Wu, Yiqi},
  title = {A novel {CRDT}-based synchronization method for real-time collaborative {CAD} systems},
  journal = {Advanced Engineering Informatics},
  year = {2018},
  month = aug,
  volume = {38},
  pages = {381--391},
  publisher = {Elsevier},
  doi = {10.1016/j.aei.2018.08.008},
  keywords = {systems}
}
@inproceedings{Mogk2018distributedRP,
  author = {Mogk, Ragnar and Baumg{\"a}rtner, Lars and Salvaneschi, Guido and Freisleben, Bernd and Mezini, Mira},
  title = {Fault-tolerant Distributed Reactive Programming},
  booktitle = {32nd European Conference on Object-Oriented Programming},
  series = {ECOOP 2018},
  isbn = {978-3-95977-079-8},
  issn = {1868-8969},
  year = {2018},
  month = jul,
  volume = {109},
  publisher = {Schloss Dagstuhl--Leibniz-Zentrum fuer Informatik},
  urn = {urn:nbn:de:0030-drops-92064},
  doi = {10.4230/LIPIcs.ECOOP.2018.1},
  keywords = {systems}
}
@inproceedings{Chandramouli2018Faster,
  author = {Chandramouli, Badrish and Prasaad, Guna and Kossmann, Donald and Levandoski, Justin and Hunter, James and Barnett, Mike},
  title = {{FASTER}: A Concurrent Key-Value Store with In-Place Updates},
  booktitle = {International Conference on Management of Data},
  series = {SIGMOD 2018},
  year = {2018},
  month = jun,
  publisher = {ACM},
  pages = {275--290},
  doi = {10.1145/3183713.3196898},
  pdf = {https://www.microsoft.com/en-us/research/uploads/prod/2018/03/faster-sigmod18.pdf},
  keywords = {systems}
}
@article{Preguica2018crdts,
  author = {Pregui{\c c}a, Nuno},
  title = {Conflict-free Replicated Data Types: An Overview},
  year = {2018},
  month = jun,
  eprint = {1806.10254},
  url = {https://arxiv.org/abs/1806.10254},
  keywords = {introduction}
}
@incollection{Preguica2018encyclopedia,
  author = {Pregui{\c c}a, Nuno and Baquero, Carlos and Shapiro, Marc},
  title = {Conflict-Free Replicated Data Types ({CRDT}s)},
  booktitle = {Encyclopedia of Big Data Technologies},
  year = {2018},
  month = may,
  publisher = {Springer},
  doi = {10.1007/978-3-319-63962-8_185-1},
  eprint = {1805.06358},
  keywords = {introduction}
}
@article{Kleppmann2018OpSets,
  author = {Kleppmann, Martin and Gomes, Victor B F and Mulligan, Dominic P and Beresford, Alastair R},
  title = {{OpSets}: Sequential Specifications for Replicated Datatypes (Extended Version)},
  year = {2018},
  month = may,
  eprint = {1805.04263},
  url = {https://arxiv.org/abs/1805.04263},
  keywords = {specification, verification}
}
@inproceedings{Shapiro2018referential,
  author = {Shapiro, Marc and Bieniusa, Annette and Zeller, Peter and Petri, Gustavo},
  title = {Ensuring Referential Integrity under Causal Consistency},
  booktitle = {5th Workshop on the Principles and Practice of Consistency for Distributed Data},
  series = {PaPoC 2018},
  year = {2018},
  month = apr,
  publisher = {ACM},
  articleno = {1},
  doi = {10.1145/3194261.3194262},
  pdf = {https://pages.lip6.fr/Marc.Shapiro/papers/causal-refs-papoc-2018-04.pdf},
  keywords = {causal-consistency}
}
@inproceedings{Bauwens2018constraining,
  author = {Bauwens, Jim and Myter, Florian and Gonzalez Boix, Elisa},
  title = {Constraining the Eventual in Eventual Consistency},
  booktitle = {5th Workshop on the Principles and Practice of Consistency for Distributed Data},
  series = {PaPoC 2018},
  year = {2018},
  month = apr,
  publisher = {ACM},
  articleno = {2},
  doi = {10.1145/3194261.3194263},
  pdf = {http://myter.be/papers/papoc18.pdf},
  keywords = {counters}
}
@inproceedings{Jagadeesan2018eventual,
  author = {Jagadeesan, Radha and Riely, James},
  title = {Eventual Consistency for {CRDTs}},
  booktitle = {21st European Symposium on Programming},
  series = {ESOP 2018},
  year = {2018},
  month = apr,
  publisher = {Springer LNCS volume 10801},
  pages = {968--995},
  doi = {10.1007/978-3-319-89884-1_34},
  pdf = {http://fpl.cs.depaul.edu/jriely/papers/2018-esop.pdf},
  keywords = {specification, composition}
}
@article{Almeida2018delta,
  author = {Almeida, Paulo S\'{e}rgio and Shoker, Ali and Baquero, Carlos},
  title = {Delta state replicated data types},
  journal = {Journal of Parallel and Distributed Computing},
  volume = {111},
  pages = {162--173},
  year = {2018},
  month = jan,
  eprint = {1603.01529},
  doi = {10.1016/j.jpdc.2017.08.003},
  keywords = {state-based}
}
@inproceedings{Najafzadeh2018filesystem,
  author = {Najafzadeh, Mahsa and Shapiro, Marc and Eugster, Patrick},
  title = {Co-Design and Verification of an Available File System},
  booktitle = {19th International Conference on Verification, Model Checking, and Abstract Interpretation},
  series = {VMCAI 2018},
  year = {2018},
  pages = {358--381},
  publisher = {Springer LNCS volume 10747},
  month = jan,
  doi = {10.1007/978-3-319-73721-8_17},
  pdf = {https://pages.lip6.fr/Marc.Shapiro/papers/VMCAI-2018-filesys.pdf},
  keywords = {trees}
}
@mastersthesis{Enes2017sync,
  author = {Enes, Vitor},
  title = {Efficient Synchronization of State-based {CRDTs}},
  school = {Universidade do Minho},
  year = {2017},
  month = nov,
  url = {https://vitorenes.org/page/other/msc-thesis.pdf},
  keywords = {state-based}
}
@article{Gomes2017verifying,
  author = {Gomes, Victor B F and Kleppmann, Martin and Mulligan, Dominic P and Beresford, Alastair R},
  title = {Verifying strong eventual consistency in distributed systems},
  journal = {Proceedings of the ACM on Programming Languages (PACMPL)},
  year = {2017},
  volume = {1},
  number = {OOPSLA},
  month = oct,
  publisher = {ACM},
  doi = {10.1145/3133933},
  eprint = {1707.01747},
  keywords = {specification, verification}
}
@article{Baquero2017composition,
  author = {Baquero, Carlos and Almeida, Paulo S{\'e}rgio and Cunha, Alcino and Ferreira, Carla},
  title = {Composition in State-based Replicated Data Types},
  journal = {Bulletin of the European Association for Theoretical Computer Science},
  year = {2017},
  month = oct,
  number = {123},
  pdf = {http://bulletin.eatcs.org/index.php/beatcs/article/viewFile/507/496},
  keywords = {composition, state-based}
}
@article{Baquero2017pure,
  author = {Baquero, Carlos and Almeida, Paulo S{\'e}rgio and Shoker, Ali},
  title = {Pure Operation-Based Replicated Data Types},
  year = {2017},
  eprint = {1710.04469},
  month = oct,
  url = {https://arxiv.org/abs/1710.04469},
  keywords = {operation-based}
}
@inproceedings{Yu2017disturbance,
  author = {Yu, Weihai and Oster, G{\'e}rald and Ignat, Claudia-Lavinia},
  title = {Handling Disturbance and Awareness of Concurrent Updates in a Collaborative Editor},
  booktitle = {14th International Conference on Cooperative Design, Visualization, and Engineering},
  series = {CDVE 2017},
  year = {2017},
  month = sep,
  publisher = {Springer LNCS volume 10451},
  pages = {39--47},
  doi = {10.1007/978-3-319-66805-5_5},
  pdf = {https://hal.inria.fr/hal-01652656/document},
  keywords = {systems, usability}
}
@article{Kleppmann2017json,
  author = {Kleppmann, Martin and Beresford, Alastair R},
  title = {A Conflict-Free Replicated {JSON} Datatype},
  journal = {IEEE Transactions on Parallel and Distributed Systems},
  year = {2017},
  volume = {28},
  number = {10},
  pages = {2733--2746},
  month = apr,
  publisher = {IEEE},
  doi = {10.1109/TPDS.2017.2697382},
  eprint = {1608.03960},
  keywords = {trees}
}
@inproceedings{Jungnickel2017imap,
  author = {Jungnickel, Tim and Oldenburg, Lennart},
  title = {{Pluto}: The {CRDT}-Driven {IMAP} Server},
  booktitle = {3rd International Workshop on Principles and Practice of Consistency for Distributed Data},
  series = {PaPoC 2017},
  year = 2017,
  month = apr,
  publisher = {ACM},
  articleno = {1},
  doi = {10.1145/3064889.3064891},
  pdf = {http://www.redaktion.tu-berlin.de/fileadmin/a34331500/paper/papoc17-jungnickel.pdf},
  keywords = {systems}
}
@inproceedings{Younes2017resettable,
  author = {Younes, Georges and Almeida, Paulo S\'{e}rgio and Baquero, Carlos},
  title = {Compact Resettable Counters through Causal Stability},
  booktitle = {3rd International Workshop on Principles and Practice of Consistency for Distributed Data},
  series = {PaPoC 2017},
  year = {2017},
  month = apr,
  publisher = {ACM},
  articleno = {2},
  doi = {10.1145/3064889.3064892},
  pdf = {https://haslab.uminho.pt/cbm/files/a3-younes.pdf},
  keywords = {counters}
}
@inproceedings{Zeller2017Repliss,
  author = {Zeller, Peter},
  title = {Testing Properties of Weakly Consistent Programs with {Repliss}},
  booktitle = {3rd International Workshop on Principles and Practice of Consistency for Distributed Data},
  series = {PaPoC 2017},
  year = {2017},
  month = apr,
  publisher = {ACM},
  articleno = {3},
  doi = {10.1145/3064889.3064893},
  pdf = {https://dl.acm.org/authorize?N37605},
  keywords = {testing, verification}
}
@inproceedings{Enes2017borrowing,
  author = {Enes, Vitor and Baquero, Carlos and Almeida, Paulo S\'{e}rgio and Leit\~{a}o, Jo\~{a}o},
  title = {Borrowing an Identity for a Distributed Counter: Work in Progress Report},
  booktitle = {3rd International Workshop on Principles and Practice of Consistency for Distributed Data},
  series = {PaPoC 2017},
  year = {2017},
  month = apr,
  publisher = {ACM},
  doi = {10.1145/3064889.3064894},
  pdf = {https://haslab.uminho.pt/sites/default/files/cbm/files/a5-enes.pdf},
  keywords = {counters}
}
@inproceedings{vanderLinde2017Legion,
  author = {van der Linde, Albert and Fouto, Pedro and Leit{\~a}o, Jo{\~a}o and Pregui{\c c}a, Nuno and Casti{\~n}eira, Santiago and Bieniusa, Annette},
  title = {{Legion}: Enriching Internet Services with Peer-to-Peer Interactions},
  booktitle = {26th International Conference on World Wide Web},
  series = {WWW 2017},
  year = {2017},
  month = apr,
  publisher = {ACM},
  pages = {283--292},
  doi = {10.1145/3038912.3052673},
  pdf = {http://novasys.di.fct.unl.pt/~alinde/publications/fp0964-vanderlinde.pdf},
  keywords = {systems, Legion}
}
@inproceedings{Briot2016group,
  author = {Briot, Lo{\"\i}ck and Urso, Pascal and Shapiro, Marc},
  title = {High Responsiveness for Group Editing {CRDTs}},
  booktitle = {19th International Conference on Supporting Group Work},
  series = {GROUP 2016},
  year = {2016},
  pages = {51--60},
  publisher = {ACM},
  month = nov,
  doi = {10.1145/2957276.2957300},
  pdf = {https://hal.inria.fr/hal-01343941/document},
  keywords = {text-editing, RGASplit}
}
@inproceedings{Nicolaescu2016YATA,
  author = {Nicolaescu, Petru and Jahns, Kevin and Derntl, Michael and Klamma, Ralf},
  title = {Near Real-Time Peer-to-Peer Shared Editing on Extensible Data Types},
  booktitle = {19th International Conference on Supporting Group Work},
  series = {GROUP 2016},
  year = {2016},
  pages = {39--49},
  publisher = {ACM},
  month = nov,
  doi = {10.1145/2957276.2957310},
  pdf = {https://www.researchgate.net/publication/310212186_Near_Real-Time_Peer-to-Peer_Shared_Editing_on_Extensible_Data_Types},
  keywords = {text-editing, YATA, Yjs}
}
@inproceedings{Lv2016stringbased,
  author = {Lv, Xiao and He, Fazhi and Cai, Weiwei and Cheng, Yuan},
  title = {An efficient collaborative editing algorithm supporting string-based operations},
  booktitle = {20th IEEE International Conference on Computer Supported Cooperative Work in Design},
  series = {CSCWD 2016},
  year = {2016},
  pages = {45--50},
  publisher = {IEEE},
  month = sep,
  doi = {10.1109/CSCWD.2016.7565961},
  keywords = {text-editing}
}
@inproceedings{Attiya2016text,
  author = {Attiya, Hagit and Burckhardt, Sebastian and Gotsman, Alexey and Morrison, Adam and Yang, Hongseok and Zawirski, Marek},
  title = {Specification and Complexity of Collaborative Text Editing},
  booktitle = {ACM Symposium on Principles of Distributed Computing},
  series = {PODC 2016},
  year = {2016},
  month = jul,
  publisher = {ACM},
  pages = {259--268},
  doi = {10.1145/2933057.2933090},
  pdf = {http://www.cs.ox.ac.uk/people/hongseok.yang/paper/podc16-full.pdf},
  keywords = {text-editing, specification, verification}
}
@inproceedings{Akkoorath2016Cure,
  author = {Akkoorath, Deepthi Devaki and Tomsic, Alejandro Z. and Bravo, Manuel and Li, Zhongmiao and Crain, Tyler and Bieniusa, Annette and Pregui{\c c}a, Nuno and Shapiro, Marc},
  title = {{Cure}: Strong Semantics Meets High Availability and Low Latency},
  booktitle = {36th IEEE International Conference on Distributed Computing Systems},
  series = {ICDCS 2016},
  year = {2016},
  month = jun,
  publisher = {IEEE},
  pages = {405--414},
  doi = {10.1109/ICDCS.2016.98},
  pdf = {https://pages.lip6.fr/Marc.Shapiro/papers/Cure-final-ICDCS16.pdf},
  keywords = {systems, Cure, Antidote}
}
@inproceedings{Zhao2016byzantine,
  author = {Zhao, Wenbing and Babi, Mamdouh and Yang, William and Luo, Xiong and Zhu, Yueqin and Yang, Jack and Luo, Chaomin and Yang, Mary},
  title = {Byzantine Fault Tolerance for Collaborative Editing with Commutative Operations},
  booktitle = {IEEE International Conference on Electro Information Technology},
  series = {EIT 2016},
  year = {2016},
  month = may,
  pages = {246--251},
  doi = {10.1109/EIT.2016.7535248},
  publisher = {IEEE},
  keywords = {byzantine}
}
@inproceedings{Brown2016bigsets,
  author = {Brown, Russell and Lakhani, Zeeshan and Place, Paul},
  title = {Big(Ger) Sets: Decomposed Delta {CRDT} Sets in {Riak}},
  booktitle = {2nd Workshop on the Principles and Practice of Consistency for Distributed Data},
  series = {PaPoC 2016},
  year = {2016},
  month = apr,
  articleno = {5},
  publisher = {ACM},
  doi = {10.1145/2911151.2911156},
  eprint = {1605.06424},
  keywords = {set-crdt, systems, composition}
}
@inproceedings{Zawirski2016register,
  author = {Zawirski, Marek and Baquero, Carlos and Bieniusa, Annette and Pregui\c{c}a, Nuno and Shapiro, Marc},
  title = {Eventually Consistent Register Revisited},
  booktitle = {2nd Workshop on the Principles and Practice of Consistency for Distributed Data},
  series = {PaPoC 2016},
  year = {2016},
  month = apr,
  articleno = {9},
  publisher = {ACM},
  doi = {10.1145/2911151.2911157},
  url = {https://core.ac.uk/download/pdf/154274593.pdf},
  eprint = {1511.05010},
  keywords = {state-based}
}
@inproceedings{Baquero2016embedded,
  author = {Baquero, Carlos and Almeida, Paulo S{\'e}rgio and Lerche, Carl},
  title = {The problem with embedded {CRDT} counters and a solution},
  booktitle = {2nd Workshop on the Principles and Practice of Consistency for Distributed Data},
  series = {PaPoC 2016},
  year = {2016},
  month = apr,
  articleno = {10},
  publisher = {ACM},
  doi = {10.1145/2911151.2911159},
  url = {http://haslab.uminho.pt/cbm/files/abstractcounterpapocfinal.pdf},
  keywords = {composition, counters}
}
@inproceedings{Weilbach2016cdvcs,
  author = {Weilbach, Christian and K\"{u}hne, Konrad and Bieniusa, Annette},
  title = {Decoupling Conflict Resolution with {CDVCS}},
  booktitle = {2nd Workshop on the Principles and Practice of Consistency for Distributed Data},
  series = {PaPoC 2016},
  year = {2016},
  month = apr,
  articleno = {11},
  publisher = {ACM},
  doi = {10.1145/2911151.2911154},
  keywords = {systems, Replikativ}
}
@inproceedings{vanderLinde06delta,
  author = {van der Linde, Albert and Leit\~{a}o, Jo\~{a}o and Pregui\c{c}a, Nuno},
  title = {{$\Delta$-CRDTs}: Making {$\delta$-CRDTs} Delta-based},
  booktitle = {2nd Workshop on the Principles and Practice of Consistency for Distributed Data},
  series = {PaPoC 2016},
  year = {2016},
  month = apr,
  articleno = {12},
  publisher = {ACM},
  doi = {10.1145/2911151.2911163},
  pdf = {https://novasys.di.fct.unl.pt/~alinde/publications/a12-van_der_linde.pdf},
  keywords = {state-based}
}
@inproceedings{Akkoorath2016objects,
  author = {Akkoorath, Deepthi Devaki and Bieniusa, Annette},
  title = {Highly-Scalable Concurrent Objects},
  booktitle = {2nd Workshop on the Principles and Practice of Consistency for Distributed Data},
  series = {PaPoC 2016},
  year = {2016},
  month = apr,
  articleno = {13},
  publisher = {ACM},
  doi = {10.1145/2911151.2911158},
  pdf = {https://softech.cs.uni-kl.de/homepage/publications/Akkoorath.Bieniusa2016.pdf},
  keywords = {shared-memory concurrency}
}
@inproceedings{Nedelec2016CRATE,
  author = {N{\'e}delec, Brice and Molli, Pascal and Mostefaoui, Achour},
  title = {{CRATE}: Writing Stories Together with our Browsers},
  booktitle = {25th International World Wide Web Conference},
  series = {WWW 2016},
  year = {2016},
  pages = {231--234},
  publisher = {ACM},
  month = apr,
  doi = {10.1145/2872518.2890539},
  pdf = {https://hal.archives-ouvertes.fr/hal-01303333},
  keywords = {text-editing, LSEQ}
}
@inproceedings{Gotsman2016CISE,
  author = {Gotsman, Alexey and Yang, Hongseok and Ferreira, Carla and Najafzadeh, Mahsa and Shapiro, Marc},
  title = {{'Cause I'm Strong Enough}: Reasoning About Consistency Choices in Distributed Systems},
  booktitle = {43rd Annual ACM SIGPLAN-SIGACT Symposium on Principles of Programming Languages},
  series = {POPL 2016},
  year = {2016},
  month = jan,
  publisher = {ACM},
  pages = {371--384},
  numpages = {14},
  doi = {10.1145/2837614.2837625},
  pdf = {http://software.imdea.org/~gotsman/papers/logic-popl16.pdf},
  keywords = {specification, verification}
}
@inproceedings{Zawirski2015SwiftCloud,
  author = {Zawirski, Marek and Pregui{\c c}a, Nuno and Duarte, S{\'e}rgio and Bieniusa, Annette and Balegas, Valter and Shapiro, Marc},
  title = {Write Fast, Read in the Past: Causal Consistency for Client-side Applications},
  booktitle = {16th Annual Middleware Conference},
  year = {2015},
  month = dec,
  publisher = {ACM/IFIP/USENIX},
  pages = {75--87},
  doi = {10.1145/2814576.2814733},
  pdf = {http://lip6.fr/Marc.Shapiro/papers/write-fast-read-past-middleware-2015.pdf},
  keywords = {systems, SwiftCloud}
}
@inproceedings{Briquemont2015partial,
  author = {Iwan Briquemont and Manuel Bravo and Zhongmiao Li and Peter Van Roy},
  title = {Conflict-free Partially Replicated Data Types},
  booktitle = {7th IEEE International Conference on Cloud Computing Technology and Science},
  series = {CloudCom 2015},
  year = {2015},
  month = nov,
  publisher = {IEEE},
  doi = {10.1109/CloudCom.2015.81},
  url = {https://dial.uclouvain.be/pr/boreal/object/boreal%3A214300/datastream/PDF_01/view},
  keywords = {systems, SwiftCloud}
}
@inproceedings{Balegas2015invariants,
  author = {Balegas, Valter and Serra, Diogo and Duarte, S\'{e}rgio and Ferreira, Carla and Shapiro, Marc and Rodrigues, Rodrigo and Pregui\c{c}a, Nuno},
  title = {Extending Eventually Consistent Cloud Databases for Enforcing Numeric Invariants},
  booktitle = {34th IEEE Symposium on Reliable Distributed Systems},
  series = {SRDS 2015},
  year = {2015},
  month = sep,
  publisher = {IEEE},
  pages = {31--36},
  doi = {10.1109/SRDS.2015.32},
  eprint = {1503.09052},
  keywords = {counters}
}
@inproceedings{Meiklejohn2015Lasp2,
  author = {Meiklejohn, Christopher and Van Roy, Peter},
  title = {{Lasp}: A Language for Distributed, Coordination-free Programming},
  booktitle = {17th International Symposium on Principles and Practice of Declarative Programming},
  series = {PPDP 2015},
  year = {2015},
  month = jul,
  publisher = {ACM},
  pages = {184--195},
  doi = {10.1145/2790449.2790525},
  pdf = {https://www.info.ucl.ac.be/~pvr/ppdp-2015-cr.pdf},
  keywords = {computation, systems}
}
@inproceedings{Nicolaescu2015Yjs,
  author = {Nicolaescu, Petru and Jahns, Kevin and Derntl, Michael and Klamma, Ralf},
  title = {{Yjs}: A Framework for Near Real-Time {P2P} Shared Editing on Arbitrary Data Types},
  booktitle = {15th International Conference on Web Engineering},
  series = {ICWE 2015},
  year = {2015},
  month = jun,
  publisher = {Springer LNCS volume 9114},
  pages = {675--678},
  doi = {10.1007/978-3-319-19890-3_55},
  url = {http://dbis.rwth-aachen.de/~derntl/papers/preprints/icwe2015-preprint.pdf},
  keywords = {systems, Yjs}
}
@inproceedings{Yu2015undo,
  author = {Yu, Weihai and Andr{\'e}, Luc and Ignat, Claudia-Lavinia},
  title = {A {CRDT} Supporting Selective Undo for Collaborative Text Editing},
  booktitle = {15th IFIP WG 6.1 International Conference on Distributed Applications and Interoperable Systems},
  series = {DAIS 2015},
  year = {2015},
  pages = {193--206},
  publisher = {Springer LNCS volume 9038},
  month = jun,
  doi = {10.1007/978-3-319-19129-4_16},
  pdf = {https://members.loria.fr/CIgnat/files/pdf/YuDAIS15.pdf},
  keywords = {text-editing, undo}
}
@inproceedings{Tao2015filesystems,
  author = {Tao, Vinh and Shapiro, Marc and Rancurel, Vianney},
  title = {Merging semantics for conflict updates in geo-distributed file systems},
  booktitle = {8th ACM International Systems and Storage Conference},
  series = {SYSTOR 2015},
  year = {2015},
  publisher = {ACM},
  month = may,
  articleno = {10},
  doi = {10.1145/2757667.2757683},
  pdf = {https://pages.lip6.fr/Marc.Shapiro/papers/geodistr-FS-Systor-2015.pdf},
  keywords = {trees}
}
@techreport{Baquero2015composition,
  author = {Baquero, Carlos and Almeida, Paulo S{\'e}rgio and Cunha, Alcino and Ferreira, Carla},
  title = {Composition of State-based {CRDTs}},
  year = {2015},
  month = may,
  institution = {HASLab, INESC TEC},
  url = {http://haslab.uminho.pt/cbm/files/crdtcompositionreport.pdf},
  keywords = {state-based}
}
@inproceedings{Almeida2015delta,
  author = {Almeida, Paulo S{\'e}rgio and Shoker, Ali and Baquero, Carlos},
  title = {Efficient State-Based {CRDT}s by Delta-Mutation},
  booktitle = {International Conference on Networked Systems},
  series = {NETYS 2015},
  year = {2015},
  pages = {62--76},
  month = may,
  publisher = {Springer LNCS volume 9466},
  doi = {10.1007/978-3-319-26850-7_5},
  eprint = {1410.2803},
  keywords = {state-based}
}
@inproceedings{Gotsman2015composite,
  author = {Gotsman, Alexey and Yang, Hongseok},
  title = {Composite Replicated Data Types},
  booktitle = {24th European Symposium on Programming},
  series = {ESOP 2015},
  year = {2015},
  month = apr,
  publisher = {Springer LNCS volume 9032},
  doi = {10.1007/978-3-662-46669-8_24},
  pdf = {http://software.imdea.org/~gotsman/papers/compos-esop15-ext.pdf},
  keywords = {specification, composition}
}
@inproceedings{Navalho2015computations,
  author = {Navalho, David and Duarte, S\'{e}rgio and Pregui\c{c}a, Nuno},
  title = {A Study of {CRDTs} That Do Computations},
  booktitle = {1st Workshop on Principles and Practice of Consistency for Distributed Data},
  series = {PaPoC 2015},
  year = {2015},
  month = apr,
  articleno = {1},
  publisher = {ACM},
  doi = {10.1145/2745947.2745948},
  pdf = {http://asc.di.fct.unl.pt/~nmp/pubs/papoc-2015-1.pdf},
  keywords = {computation}
}
@inproceedings{Holt2015claret,
  author = {Holt, Brandon and Zhang, Irene and Ports, Dan and Oskin, Mark and Ceze, Luis},
  title = {{Claret}: Using Data Types for Highly Concurrent Distributed Transactions},
  booktitle = {1st Workshop on Principles and Practice of Consistency for Distributed Data},
  series = {PaPoC 2015},
  year = {2015},
  month = apr,
  articleno = {4},
  publisher = {ACM},
  doi = {10.1145/2745947.2745951},
  pdf = {http://irenezhang.net/papers/claret-papoc15.pdf},
  keywords = {transactions, systems}
}
@inproceedings{Castineira2015offline,
  author = {Casti{\~n}eira, Santiago J and Bieniusa, Annette},
  title = {Collaborative offline web applications using conflict-free replicated data types},
  booktitle = {1st Workshop on Principles and Practice of Consistency for Distributed Data},
  series = {PaPoC 2015},
  year = {2015},
  month = apr,
  articleno = {5},
  publisher = {ACM},
  doi = {10.1145/2745947.2745952},
  keywords = {systems}
}
@inproceedings{Meiklejohn2015Lasp1,
  author = {Meiklejohn, Christopher and Van Roy, Peter},
  title = {Lasp: A Language for Distributed, Eventually Consistent Computations with CRDTs},
  booktitle = {1st Workshop on Principles and Practice of Consistency for Distributed Data},
  series = {PaPoC 2015},
  year = {2015},
  month = apr,
  articleno = {7},
  publisher = {ACM},
  doi = {10.1145/2745947.2745954},
  url = {https://www.info.ucl.ac.be/~pvr/papoc-2015-lasp-abstract.pdf},
  keywords = {computation}
}
@article{Burckhardt2014principles,
  author = {Burckhardt, Sebastian},
  title = {Principles of Eventual Consistency},
  journal = {Foundations and Trends in Programming Languages},
  year = {2014},
  volume = {1},
  number = {1-2},
  pages = {1--150},
  month = oct,
  publisher = {now publishers},
  doi = {10.1561/2500000011},
  pdf = {https://www.nowpublishers.com/article/Download/PGL-011},
  keywords = {introduction}
}
@inproceedings{Li2014Sieve,
  author = {Li, Cheng and Leit\~{a}o, Jo\~{a}o and Clement, Allen and Pregui{\c c}a, Nuno and Rodrigues, Rodrigo and Vafeiadis, Viktor},
  title = {Automating the Choice of Consistency Levels in Replicated Systems},
  booktitle = {USENIX Annual Technical Conference},
  series = {ATC 2014},
  year = {2014},
  month = jun,
  publisher = {USENIX},
  pages = {281--292},
  url = {https://www.usenix.org/conference/atc14/technical-sessions/presentation/li_cheng_2},
  keywords = {verification}
}
@incollection{Zeller2014verification,
  author = {Zeller, Peter and Bieniusa, Annette and Poetzsch-Heffter, Arnd},
  title = {Formal Specification and Verification of {CRDTs}},
  booktitle = {34th IFIP International Conference on Formal Techniques for Distributed Objects, Components and Systems},
  series = {FORTE 2014},
  year = {2014},
  month = jun,
  pages = {33--48},
  publisher = {Springer LNCS volume 8461},
  doi = {10.1007/978-3-662-43613-4_3},
  url = {https://softech.cs.uni-kl.de/homepage/publications/Zeller.Bieniusa.Poetzsch-Heffter.Forte2014.pdf},
  keywords = {specification, verification}
}
@inproceedings{Baquero2014opbased,
  author = {Baquero, Carlos and Almeida, Paulo S{\'e}rgio and Shoker, Ali},
  title = {Making Operation-Based {CRDT}s Operation-Based},
  booktitle = {14th IFIP WG 6.1 International Conference on Distributed Applications and Interoperable Systems},
  series = {DAIS 2014},
  pages = {126--140},
  month = jun,
  year = 2014,
  publisher = {Springer LNCS volume 8460},
  doi = {10.1007/978-3-662-43352-2_11},
  pdf = {http://gsd.di.uminho.pt/members/cbm/ps/crdtOpsMiddleware.pdf},
  keywords = {operation-based},
  note = {A shorter paper with the same title appears in PaPEC 2014}
}
@inproceedings{Brown2014Riak,
  author = {Brown, Russell and Cribbs, Sean and Meiklejohn, Christopher and Elliott, Sam},
  title = {{Riak DT Map}: A Composable, Convergent Replicated Dictionary},
  booktitle = {1st Workshop on Principles and Practice of Eventual Consistency},
  series = {PaPEC 2014},
  year = {2014},
  month = apr,
  articleno = {1},
  publisher = {ACM},
  doi = {10.1145/2596631.2596633},
  pdf = {https://pages.lip6.fr/syncfree/attachments/article/46/WP3-report.pdf#page=31},
  keywords = {systems, composition}
}
@inproceedings{Almeida2014decomposition,
  author = {Almeida, Paulo S{\'e}rgio and Shoker, Ali and Baquero, Carlos},
  title = {Efficient State-based {CRDT}s by Decomposition (Work in progress report)},
  booktitle = {1st Workshop on Principles and Practice of Eventual Consistency},
  series = {PaPEC 2014},
  year = {2014},
  month = apr,
  publisher = {ACM},
  articleno = {3},
  doi = {10.1145/2596631.2596634},
  pdf = {https://core.ac.uk/download/pdf/154274611.pdf},
  keywords = {composition}
}
@inproceedings{AhmedNacer2014merging,
  author = {Ahmed-Nacer, Mehdi and Urso, Pascal and Balegas, Valter and Pergui{\c c}a, Nuno},
  title = {Merging {OT} and {CRDT} algorithms},
  booktitle = {1st Workshop on Principles and Practice of Eventual Consistency},
  series = {PaPEC 2014},
  year = {2014},
  month = apr,
  articleno = {9},
  publisher = {ACM},
  doi = {10.1145/2596631.2596636},
  pdf = {https://hal.inria.fr/file/index/docid/957167/filename/main.pdf},
  keywords = {text-editing}
}
@inproceedings{Meiklejohn2014composability,
  author = {Meiklejohn, Christopher},
  title = {On the Composability of the {Riak DT Map}: Expanding from Embedded to Multi-key Structures},
  booktitle = {1st Workshop on Principles and Practice of Eventual Consistency},
  series = {PaPEC 2014},
  year = {2014},
  articleno = {13},
  publisher = {ACM},
  doi = {10.1145/2596631.2596635},
  pdf = {https://pages.lip6.fr/syncfree/attachments/article/46/WP3-report.pdf#page=34},
  keywords = {composition}
}
@inproceedings{Grishchenko2014oplogs,
  author = {Grishchenko, Victor},
  title = {{Citrea} and {Swarm}: Partially ordered op logs in the browser},
  booktitle = {1st Workshop on Principles and Practice of Eventual Consistency},
  series = {PaPEC 2014},
  year = {2014},
  month = apr,
  articleno = {8},
  publisher = {ACM},
  doi = {10.1145/2596631.2596641},
  url = {http://www.ds.ewi.tudelft.nl/~victor/polo.pdf},
  keywords = {text-editing, operation-based}
}
@inproceedings{Kuper2014LVars,
  author = {Kuper, Lindsey and Newton, Ryan R},
  title = {Joining Forces: Toward a Unified Account of {LVars} and Convergent Replicated Data Types},
  booktitle = {5th Workshop on Determinism and Correctness in Parallel Programming},
  series = {WoDet 2014},
  year = {2014},
  month = mar,
  url = {http://wodet.cs.washington.edu/wp-content/uploads/2014/02/wodet2014-final1.pdf},
  keywords = {crdt-related, shared-memory concurrency}
}
@inproceedings{Burckhardt2014specification,
  author = {Burckhardt, Sebastian and Gotsman, Alexey and Yang, Hongseok and Zawirski, Marek},
  title = {Replicated Data Types: Specification, Verification, Optimality},
  booktitle = {41st ACM SIGPLAN-SIGACT Symposium on Principles of Programming Languages},
  series = {POPL 2014},
  year = {2014},
  month = jan,
  publisher = {ACM},
  pages = {271--284},
  doi = {10.1145/2535838.2535848},
  pdf = {http://software.imdea.org/~gotsman/papers/distrmm-popl14-ext.pdf},
  keywords = {specification, verification}
}
@inproceedings{Andre2013LogootSplit,
  author = {Andr{\'e}, Luc and Martin, St{\'e}phane and Oster, G{\'e}rald and Ignat, Claudia-Lavinia},
  title = {Supporting Adaptable Granularity of Changes for Massive-scale Collaborative Editing},
  booktitle = {9th IEEE International Conference on Collaborative Computing: Networking, Applications and Worksharing},
  series = {CollaborateCom 2013},
  year = {2013},
  month = oct,
  publisher = {IEEE},
  doi = {10.4108/icst.collaboratecom.2013.254123},
  pdf = {https://hal.inria.fr/hal-00903813/file/main.pdf},
  keywords = {text-editing, LogootSplit, sequence-CRDT}
}
@inproceedings{AhmedNacer2013concurrency,
  author = {Ahmed-Nacer, Mehdi and Urso, Pascal and Balegas, Valter and Pregui{\c c}a, Nuno},
  title = {Concurrency Control and Awareness Support for Multi-synchronous Collaborative Editing},
  booktitle = {9th IEEE International Conference on Collaborative Computing},
  series = {CollaborateCom 2013},
  year = {2013},
  publisher = {ICST},
  month = oct,
  doi = {10.4108/icst.collaboratecom.2013.254113},
  pdf = {http://asc.di.fct.unl.pt/~nmp/pubs/collaboratecom-2013.pdf},
  keywords = {text-editing}
}
@inproceedings{Nedelec2013LSEQ,
  author = {N{\'e}delec, Brice and Molli, Pascal and Mostefaoui, Achour and Desmontils, Emmanuel},
  title = {{LSEQ}: an Adaptive Structure for Sequences in Distributed Collaborative Editing},
  booktitle = {13th ACM Symposium on Document Engineering},
  series = {DocEng 2013},
  year = {2013},
  pages = {37--46},
  publisher = {ACM},
  month = sep,
  doi = {10.1145/2494266.2494278},
  pdf = {https://hal.archives-ouvertes.fr/file/index/docid/921633/filename/fp025-nedelec.pdf},
  keywords = {text-editing, LSEQ}
}
@article{Almeida2013counters,
  author = {Almeida, Paulo S\'{e}rgio and Baquero, Carlos},
  title = {Scalable Eventually Consistent Counters over Unreliable Networks},
  year = {2013},
  month = jul,
  eprint = {1307.3207},
  url = {https://arxiv.org/abs/1307.3207},
  keywords = {counters}
}
@inproceedings{LeMerrer2013Bitbox,
  author = {Le Merrer, Erwan and Le Scouarnec, Nicolas and Straub, Gilles},
  title = {{Bitbox}: Eventually Consistent File Sharing},
  booktitle = {1st International Conference on Networked Systems},
  series = {NETYS 2013},
  year = {2013},
  month = may,
  pages = {274–278},
  publisher = {Springer LNCS volume 7853},
  doi = {10.1007/978-3-642-40148-0_23},
  keywords = {systems, Bitbox}
}
@inproceedings{Navalho2013stream,
  author = {Navalho, David and Duarte, S\'{e}rgio and Pregui\c{c}a, Nuno and Shapiro, Marc},
  title = {Incremental Stream Processing Using Computational Conflict-Free Replicated Data Types},
  booktitle = {3rd International Workshop on Cloud Data and Platforms},
  series = {CloudDP 2013},
  year = {2013},
  month = apr,
  isbn = {9781450320757},
  publisher = {ACM},
  pages = {31--36},
  doi = {10.1145/2460756.2460762},
  pdf = {https://pages.lip6.fr/Marc.Shapiro/papers/computational-CRDTs-CloudDP-2013.pdf},
  keywords = {computation}
}
@inproceedings{Truong2012authenticating,
  author = {Truong, Hien Thi Thu and Ignat, Claudia-Lavinia and Molli, Pascal},
  title = {Authenticating operation-based history in collaborative systems},
  booktitle = {17th ACM International Conference on Supporting Group Work},
  series = {GROUP 2012},
  year = {2012},
  month = oct,
  pages = {131--140},
  publisher = {ACM},
  doi = {10.1145/2389176.2389197},
  url = {https://hal.inria.fr/hal-00761045/document},
  keywords = {security}
}
@inproceedings{Conway2012lattices,
  author = {Conway, Neil and Marczak, William R. and Alvaro, Peter and Hellerstein, Joseph M. and Maier, David},
  title = {Logic and Lattices for Distributed Programming},
  booktitle = {3rd ACM Symposium on Cloud Computing},
  series = {SoCC 2012},
  year = {2012},
  month = oct,
  publisher = {ACM},
  articleno = {1},
  pages = {1--14},
  doi = {10.1145/2391229.2391230},
  pdf = {https://www2.eecs.berkeley.edu/Pubs/TechRpts/2012/EECS-2012-167.pdf},
  keywords = {crdt-related}
}
@inproceedings{Bieniusa2012sets,
  author = {Bieniusa, Annette and Zawirski, Marek and Pregui\c{c}a, Nuno and Shapiro, Marc and Baquero, Carlos and Balegas, Valter and Duarte, S{\'e}rgio},
  title = {Brief Announcement: Semantics of Eventually Consistent Replicated Sets},
  booktitle = {26th International Symposium on Distributed Computing},
  series = {DISC 2012},
  year = {2012},
  month = oct,
  publisher = {Springer LNCS volume 7611},
  pages = {441--442},
  doi = {10.1007/978-3-642-33651-5_48},
  url = {https://pages.lip6.fr/Marc.Shapiro/papers/semantics-sets-BA-DISC-2012.pdf},
  keywords = {set-crdt, specification}
}
@techreport{Bieniusa2012optimized,
  author = {Bieniusa, Annette and Zawirski, Marek and Pregui{\c c}a, Nuno and Shapiro, Marc and Baquero, Carlos and Balegas, Valter and Duarte, S{\'e}rgio},
  title = {An Optimized Conflict-free Replicated Set},
  type = {Research Report},
  institution = {INRIA},
  number = {RR-8083},
  year = {2012},
  month = oct,
  eprint = {1210.3368},
  pdf = {http://hal.inria.fr/hal-00738680/PDF/RR-8083.pdf},
  keywords = {set-crdt}
}
@techreport{AhmedNacer2012filesystem,
  author = {Ahmed-Nacer, Mehdi and Martin, St{\'e}phane and Urso, Pascal},
  title = {File system on {CRDT}},
  institution = {INRIA},
  year = {2012},
  month = jul,
  number = {RR-8027},
  publisher = {INRIA},
  type = {Research Report},
  eprint = {1207.5990},
  url = {https://hal.inria.fr/hal-00720681/},
  keywords = {trees}
}
@inproceedings{Burckhardt2012CloudTypes,
  author = {Burckhardt, Sebastian and F{\"a}hndrich, Manuel and Leijen, Daan and Wood, Benjamin P},
  title = {Cloud Types for Eventual Consistency},
  booktitle = {26th European Conference on Object-Oriented Programming},
  series = {ECOOP 2012},
  year = {2012},
  month = jun,
  pages = {283--307},
  publisher = {Springer LNCS volume 7313},
  doi = {10.1007/978-3-642-31057-7_14},
  url = {https://www.microsoft.com/en-us/research/wp-content/uploads/2016/02/final-with-color.pdf},
  keywords = {crdt-related}
}
@inproceedings{Ibanez2012semantic,
  author = {Ib\'{a}\~{n}ez, Luis Daniel and Skaf-Molli, Hala and Molli, Pascal and Corby, Olivier},
  title = {Synchronizing Semantic Stores with Commutative Replicated Data Types},
  booktitle = {21st International Conference on World Wide Web},
  series = {WWW 2012},
  year = {2012},
  month = apr,
  pages = {1091--1096},
  publisher = {ACM},
  doi = {10.1145/2187980.2188246},
  pdf = {https://hal.inria.fr/hal-00686484/document},
  keywords = {set-crdt}
}
@inproceedings{Burckhardt2012transactions,
  author = {Burckhardt, Sebastian and Leijen, Daan and F{\"a}hndrich, Manuel and Sagiv, Mooly},
  title = {Eventually Consistent Transactions},
  booktitle = {21st European Symposium on Programming},
  series = {ESOP 2012},
  year = {2012},
  month = mar,
  publisher = {Springer LNCS volume 7211},
  pages = {67--86},
  doi = {10.1007/978-3-642-28869-2_4},
  pdf = {https://www.microsoft.com/en-us/research/wp-content/uploads/2016/02/ecr-esop2012.pdf},
  keywords = {crdt-related, transactions}
}
@techreport{Martin2011trees,
  author = {Martin, St\'{e}phane and Ahmed-Nacer, Mehdi and Urso, Pascal},
  title = {Abstract unordered and ordered trees {CRDT}},
  type = {Research Report},
  institution = {INRIA},
  number = {RR-7825},
  year = {2011},
  month = dec,
  pdf = {https://hal.inria.fr/hal-00648106v2/document},
  eprint = {1201.1784},
  keywords = {trees}
}
@inproceedings{Shapiro2011CRDTs,
  author = {Shapiro, Marc and Pregui\c{c}a, Nuno and Baquero, Carlos and Zawirski, Marek},
  title = {Conflict-free Replicated Data Types},
  booktitle = {13th International Conference on Stabilization, Safety, and Security of Distributed Systems},
  series = {SSS 2011},
  year = {2011},
  month = oct,
  pages = {386--400},
  doi = {10.1007/978-3-642-24550-3_29},
  pdf = {https://pages.lip6.fr/Marek.Zawirski/papers/RR-7687.pdf},
  publisher = {Springer LNCS volume 6976},
  keywords = {introduction}
}
@inproceedings{AhmedNacer2011evaluating,
  author = {Ahmed-Nacer, Mehdi and Ignat, Claudia-Lavinia and Oster, G{\'e}rald and Roh, Hyun-Gul and Urso, Pascal},
  title = {Evaluating {CRDTs} for real-time document editing},
  booktitle = {11th ACM Symposium on Document Engineering},
  series = {DocEng 2011},
  year = {2011},
  pages = {103--112},
  publisher = {ACM},
  month = sep,
  doi = {10.1145/2034691.2034717},
  pdf = {https://hal.inria.fr/docs/00/62/95/03/PDF/doce63-ahmednacer.pdf},
  keywords = {text-editing}
}
@inproceedings{Zawirski2011rebalancing,
  author = {Zawirski, Marek and Shapiro, Marc and Pregui\c{c}a, Nuno},
  title = {Asynchronous rebalancing of a replicated tree},
  booktitle = {Conf\'{e}rence Fran\c{c}aise en Syst\`{e}mes d'Exploitation},
  series = {CFSE 2011},
  year = {2011},
  month = may,
  pdf = {http://renpar.irisa.fr/cfse8/cfse8_10.pdf},
  keywords = {text-editing, Treedoc, core-nebula}
}
@article{Roh2011RGA,
  author = {Roh, Hyun-Gul and Jeon, Myeongjae and Kim, Jin-Soo and Lee, Joonwon},
  title = {Replicated Abstract Data Types: Building Blocks for Collaborative Applications},
  journal = {Journal of Parallel and Distributed Computing},
  volume = {71},
  number = {3},
  month = mar,
  year = {2011},
  issn = {0743-7315},
  pages = {354--368},
  publisher = {Elsevier},
  doi = {10.1016/j.jpdc.2010.12.006},
  pdf = {http://csl.snu.ac.kr/papers/jpdc11.pdf},
  keywords = {text-editing, RGA}
}
@techreport{Shapiro2011comprehensive,
  author = {Shapiro, Marc and Pregui{\c c}a, Nuno and Baquero, Carlos and Zawirski, Marek},
  title = {A comprehensive study of Convergent and Commutative Replicated Data Types},
  year = {2011},
  number = {7506},
  month = jan,
  institution = {INRIA},
  type = {Research Report},
  url = {http://hal.inria.fr/inria-00555588/},
  keywords = {introduction}
}
@inproceedings{Martin2010xml,
  author = {Martin, St{\'e}phane and Urso, Pascal and Weiss, St{\'e}phane},
  title = {Scalable {XML} Collaborative Editing with Undo},
  booktitle = {On the Move to Meaningful Internet Systems (OTM)},
  year = {2010},
  pages = {507--514},
  publisher = {Springer LNCS volume 6426},
  month = oct,
  doi = {10.1007/978-3-642-16934-2_37},
  eprint = {1010.3615},
  keywords = {trees, undo}
}
@article{Weiss2010LogootUndo,
  author = {Weiss, Stephane and Urso, Pascal and Molli, Pascal},
  title = {{Logoot-Undo}: Distributed Collaborative Editing System on {P2P} Networks},
  journal = {IEEE Transactions on Parallel and Distributed Systems},
  volume = {21},
  number = {8},
  month = aug,
  year = {2010},
  issn = {1045-9219},
  pages = {1162--1174},
  publisher = {IEEE},
  doi = {10.1109/TPDS.2009.173},
  pdf = {https://www.researchgate.net/profile/Pascal_Urso/publication/233882440_Logoot-Undo_Distributed_Collaborative_Editing_System/links/0fcfd50c84f5194937000000.pdf},
  keywords = {text-editing, Logoot, undo}
}
@inproceedings{Grishchenko2010hypertext,
  author = {Grishchenko, Victor},
  title = {Deep Hypertext with Embedded Revision Control Implemented in Regular Expressions},
  booktitle = {6th International Symposium on Wikis and Open Collaboration},
  series = {WikiSym 2010},
  year = {2010},
  month = jul,
  publisher = {ACM},
  articleno = {3},
  doi = {10.1145/1832772.1832777},
  url = {http://www.st.ewi.tudelft.nl/victor/articles/ctre.pdf},
  keywords = {text-editing}
}
@article{Letia2010consistency,
  author = {Letia, Mihai and Pregui{\c c}a, Nuno and Shapiro, Marc},
  title = {Consistency without concurrency control in large, dynamic systems},
  journal = {ACM SIGOPS Operating Systems Review},
  year = {2010},
  volume = {44},
  number = {2},
  pages = {29--34},
  month = apr,
  publisher = {ACM},
  doi = {10.1145/1773912.1773921},
  pdf = {http://asc.di.fct.unl.pt/~nmp/pubs/osr-2010.pdf},
  keywords = {introduction}
}
@inproceedings{Preguica2009Treedoc,
  author = {Pregui{\c c}a, Nuno and Marques, Joan Manuel and Shapiro, Marc and Letia, Mihai},
  title = {A Commutative Replicated Data Type for Cooperative Editing},
  booktitle = {29th IEEE International Conference on Distributed Computing Systems},
  series = {ICDCS 2009},
  year = {2009},
  pages = {395--403},
  publisher = {IEEE},
  doi = {10.1109/ICDCS.2009.20},
  pdf = {https://hal.inria.fr/inria-00445975/document},
  keywords = {text-editing, Treedoc}
}
@inproceedings{Weiss2009Logoot,
  author = {Weiss, Stephane and Urso, Pascal and Molli, Pascal},
  title = {{Logoot}: A Scalable Optimistic Replication Algorithm for Collaborative Editing on {P2P} Networks},
  booktitle = {29th IEEE International Conference on Distributed Computing Systems},
  series = {ICDCS 2009},
  year = {2009},
  pages = {404--412},
  publisher = {IEEE},
  doi = {10.1109/ICDCS.2009.75},
  pdf = {https://hal.inria.fr/inria-00432368/document},
  keywords = {text-editing, Logoot}
}
@inproceedings{Weiss2007Wooki,
  author = {Weiss, St{\'e}phane and Urso, Pascal and Molli, Pascal},
  title = {{Wooki}: A {P2P} Wiki-Based Collaborative Writing Tool},
  booktitle = {8th International Conference on Web Information Systems Engineering},
  series = {WISE 2007},
  year = {2007},
  pages = {503--512},
  publisher = {Springer LNCS volume 4831},
  month = dec,
  doi = {10.1007/978-3-540-76993-4_42},
  pdf = {http://pagesperso.lina.univ-nantes.fr/~molli-p/pmwiki/uploads/Main/weiss07.pdf},
  keywords = {text-editing, WOOTO}
}
@inproceedings{Oster2006WOOT,
  author = {Oster, G{\'e}rald and Urso, Pascal and Molli, Pascal and Imine, Abdessamad},
  title = {Data consistency for {P2P} collaborative editing},
  booktitle = {20th ACM Conference on Computer Supported Cooperative Work},
  series = {CSCW 2006},
  year = {2006},
  pages = {259--268},
  publisher = {ACM},
  month = nov,
  doi = {10.1145/1180875.1180916},
  pdf = {https://hal.inria.fr/file/index/docid/108523/filename/OsterCSCW06.pdf},
  keywords = {text-editing, WOOT}
}
@techreport{Oster2005WOOT,
  author = {Oster, G{\'e}rald and Urso, Pascal and Molli, Pascal and Imine, Abdessamad},
  title = {Real time group editors without operational transformation},
  year = {2005},
  number = {RR-5580},
  month = may,
  institution = {INRIA},
  type = {Research Report},
  url = {https://hal.inria.fr/inria-00071240/document},
  keywords = {text-editing, WOOT}
}

@article{lavoie2023statebased,
      title={{State-Based $\infty$P-Set Conflict-Free Replicated Data Type}}, 
      author={Erick Lavoie},
      year={2023},
      eprint={2304.01929},
      archivePrefix={arXiv},
      primaryClass={cs.DC},
      doi={10.48550/arXiv.2304.01929}
}

@article{lamport2012write,
  title={How to write a 21st century proof},
  author={Lamport, Leslie},
  journal={Journal of fixed point theory and applications},
  volume={11},
  pages={43--63},
  year={2012},
  publisher={Springer}
}

@misc{crdt-website,
  title={{Conflict-Free Replicated Data Types}},
  author={Kleppmann, Martin and  Bieniusa, Annette and Shapiro, Marc},
  note={Retrieved 2023-05-05 from \url{https://crdt.tech/}}
}

@misc{hypercore-website,
  title={{Hypercore Protocol}},
  note={Retrieved 2023-05-05 from \url{https://hypercore-protocol.github.io/new-website/}}
}

@misc{hypercore-handling-conflicts,
  title={{Issue \#174: Handling conflicts}},
  author={EGreg and pfrazee and emilbayes and iamyellow and mafintosh},
  note={Retrieved 2023-05-05 from \url{https://github.com/holepunchto/hypercore/issues/174}}
}

@misc{hypercore-split-resolution-dep,
  title={{Pull-Request \#43: Hypercore Split Resolution DEP \#43}},
  author={pfrazee and EGreg and yoshuawuyts},
  note={Retrieved 2023-05-05 from \url{https://github.com/dat-ecosystem-archive/DEPs/pull/43}}
}

@misc{holepunch-website,
  title={{Holepunch}},
  year=2023,
  note={Retrieved 2023-05-05 from \url{https://holepunch.to/}}
}

@book{cachin2011introduction,
  title={Introduction to reliable and secure distributed programming},
  author={Cachin, Christian and Guerraoui, Rachid and Rodrigues, Lu{\'\i}s},
  year={2011},
  publisher={Springer Science \& Business Media},
  doi={doi:10.1007/978-3-642-15260-3},
  url={http://distributedprogramming.net}
}

@article{viotti2016consistency-db-survey,
author = {Viotti, Paolo and Vukoli\'{c}, Marko},
title = {{Consistency in Non-Transactional Distributed Storage Systems}},
year = {2016},
issue_date = {March 2017},
publisher = {ACM},
address = {New York, NY, USA},
volume = {49},
number = {1},
issn = {0360-0300},
url = {https://doi.org/10.1145/2926965},
doi = {10.1145/2926965},
journal = {ACM Comput. Surv.},
month = {jun},
articleno = {19},
numpages = {34},
keywords = {Consistency, distributed storage}
}

@inproceedings{baudet2020fastpay,
author = {Baudet, Mathieu and Danezis, George and Sonnino, Alberto},
title = {FastPay: High-Performance Byzantine Fault Tolerant Settlement},
year = {2020},
isbn = {9781450381390},
publisher = {ACM},
address = {New York, NY, USA},
url = {https://doi.org/10.1145/3419614.3423249},
doi = {10.1145/3419614.3423249},
booktitle = {Proceedings of the 2nd ACM Conference on Advances in Financial Technologies},
pages = {163–177},
numpages = {15},
keywords = {bft, distributed system, consistent broadcast, settlement system},
location = {New York, NY, USA},
series = {AFT '20}
}

@misc{auvolat2021money,
      title={{Money Transfer Made Simple: a Specification, a Generic Algorithm, and its Proof}}, 
      author={Alex Auvolat and Davide Frey and Michel Raynal and François Taïani},
      year={2021},
      eprint={2006.12276},
      archivePrefix={arXiv},
      primaryClass={cs.DC}
}

@misc{sliwinski2020abc,
      title={ABC: Proof-of-Stake without Consensus}, 
      author={Jakub Sliwinski and Roger Wattenhofer},
      year={2020},
      eprint={1909.10926},
      archivePrefix={arXiv},
      primaryClass={cs.CR}
}

@misc{bezerra2022tame,
      title={How to Tame Multiple Spending in Decentralized Cryptocurrencies}, 
      author={João Paulo Bezerra and Petr Kuznetsov},
      year={2022},
      eprint={2205.14076},
      archivePrefix={arXiv},
      primaryClass={cs.DC}
}

@misc{shapiro2023sovereign,
      title={Sovereign Cryptocurrencies: A Foundation for a Grassroots Digital Economy}, 
      author={Ehud Shapiro},
      year={2023},
      eprint={2202.05619},
      archivePrefix={arXiv},
      primaryClass={cs.MA}
}

@inproceedings{frey:hal-03346756,
  TITLE = {{Consensus-Free Ledgers When Operations of Distinct Processes are Commutative}},
  AUTHOR = {Frey, Davide and Guillou, Lucie and Raynal, Michel and Ta{\"i}ani, Fran{\c c}ois},
  URL = {https://inria.hal.science/hal-03346756},
  BOOKTITLE = {{PaCT 2021 - 16th International Conference on Parallel Computing Technologies}},
  ADDRESS = {Kaliningrad, Russia},
  PUBLISHER = {{Springer}},
  SERIES = {LNCS},
  VOLUME = {12942},
  PAGES = {359-370},
  YEAR = {2021},
  MONTH = Sep,
  DOI = {10.1007/978-3-030-86359-3\_27},
  KEYWORDS = {Asynchronous system ; Blockchain ; Commutative operations ; Consensusfreedom ; FIFO-based synchronization ; Immutable memory ; Mazurkiewicz's traces ; Message-passing ; Process crash failures ; Reliable broadcast},
  PDF = {https://inria.hal.science/hal-03346756/file/Consensus-free-ledger-commute-operations-V11.pdf},
  HAL_ID = {hal-03346756},
  HAL_VERSION = {v1},
}

@misc{kuznetsov2021permissionless,
      title={Permissionless and Asynchronous Asset Transfer [Technical Report]}, 
      author={Petr Kuznetsov and Yvonne-Anne Pignolet and Pavel Ponomarev and Andrei Tonkikh},
      year={2021},
      eprint={2105.04966},
      archivePrefix={arXiv},
      primaryClass={cs.DC}
}

@misc{cryptoeprint:2021/1182,
      author = {Nicholas Stifter and Aljosha Judmayer and Philipp Schindler and Edgar Weippl},
      title = {Opportunistic Algorithmic Double-Spending: How I learned to stop worrying and hedge the Fork},
      howpublished = {Cryptology ePrint Archive, Paper 2021/1182},
      year = {2021},
      note = {\url{https://eprint.iacr.org/2021/1182}},
      url = {https://eprint.iacr.org/2021/1182}
}

@misc{georghiades2021needs,
      title={Who Needs Consensus? A Distributed Monetary System Between Rational Agents via Hearsay}, 
      author={Yanni Georghiades and Robert Streit and Vijay Garg},
      year={2021},
      eprint={2104.07574},
      archivePrefix={arXiv},
      primaryClass={cs.DC}
}

@article{pedone2002genericbroadcast,
author = {Pedone, F. and Schiper, A.},
title = {Handling Message Semantics with Generic Broadcast Protocols},
year = {2002},
issue_date = {April 2002},
publisher = {Springer-Verlag},
address = {Berlin, Heidelberg},
volume = {15},
number = {2},
issn = {0178-2770},
url = {https://doi.org/10.1007/s004460100061},
doi = {10.1007/s004460100061},
journal = {Distrib. Comput.},
month = {apr},
pages = {97–107},
numpages = {11},
keywords = {group communication, asynchronous systems, fault-tolerance, semantics-aware primitives, atomic broadcast, reliable broadcast}
}

@inproceedings{vanRenesse2008reconciliation,
author = {van Renesse, Robbert and Dumitriu, Dan and Gough, Valient and Thomas, Chris},
title = {Efficient Reconciliation and Flow Control for Anti-Entropy Protocols},
year = {2008},
isbn = {9781605582962},
publisher = {Association for Computing Machinery},
address = {New York, NY, USA},
url = {https://doi.org/10.1145/1529974.1529983},
doi = {10.1145/1529974.1529983},
abstract = {The paper shows that anti-entropy protocols can process only a limited rate of updates, and proposes and evaluates a new state reconciliation mechanism as well as a flow control scheme for anti-entropy protocols.},
booktitle = {Proceedings of the 2nd Workshop on Large-Scale Distributed Systems and Middleware},
articleno = {6},
numpages = {7},
keywords = {epidemics, gossip, anti-entropy, flow control},
location = {Yorktown Heights, New York, USA},
series = {LADIS '08}
}

@INPROCEEDINGS{weichao2018blockchain,
  author={Gao, Weichao and Hatcher, William G. and Yu, Wei},
  booktitle={2018 27th International Conference on Computer Communication and Networks (ICCCN)}, 
  title={A Survey of Blockchain: Techniques, Applications, and Challenges}, 
  year={2018},
  volume={},
  number={},
  pages={1-11},
  doi={10.1109/ICCCN.2018.8487348}}

@InProceedings{cholvi2021bdso,
  author =	{Cholvi, Vicent and Fern\'{a}ndez Anta, Antonio and Georgiou, Chryssis and Nicolaou, Nicolas and Raynal, Michel and Russo, Antonio},
  title =	{{Byzantine-Tolerant Distributed Grow-Only Sets: Specification and Applications}},
  booktitle =	{4th International Symposium on Foundations and Applications of Blockchain 2021},
  series =	{FAB 2021},
  pages =	{2:1--2:19},
  ISBN =	{978-3-95977-196-2},
  ISSN =	{2190-6807},
  year =	{2021},
  volume =	{92},
  publisher =	{Schloss Dagstuhl -- Leibniz-Zentrum f{\"u}r Informatik},
  doi =		{10.4230/OASIcs.FAB.2021.2},
  eprint={2103.08936},
  keywords =	{sets, distributed ledgers, blockchains, atomic appends, theory, byzantine}
}

@mastersthesis{gupta2016nonconsensusdft,
  author = {Gupta, Saurabh},
  title = {A Non-Consensus Based Decentralized Financial Transaction Processing Model with Support for Efficient Auditing},
  year = {2016},
  month = jun,
  school = {Arizona State University},
  type = {Master Thesis},
  url={https://www.proquest.com/openview/a7fabdb0ac1f37ee5824aa89f30b904e}
}

@article{bracha1987asyncByzantineAgreement,
title = {Asynchronous Byzantine agreement protocols},
journal = {Information and Computation},
volume = {75},
number = {2},
pages = {130-143},
year = {1987},
issn = {0890-5401},
doi = {https://doi.org/10.1016/0890-5401(87)90054-X},
url = {https://www.sciencedirect.com/science/article/pii/089054018790054X},
author = {Gabriel Bracha},
}

